1734 3386
145 528 166 556 a
194 526 263 557 me
291 509 423 555 textui
450 508 653 551 subiectis
681 508 907 552 manifesto
941 510 1039 552 satis
1071 513 1305 569 apparebit.

209 590 468 638 Heraclitum
487 620 498 641 ,
531 603 615 632 non
644 587 917 632 Heraclidem
935 621 947 641 ,
980 598 1028 632 ut
1052 588 1239 635 Gesnero
1268 591 1489 639 Schowio-

145 689 245 735 que·
268 679 360 717 erat
405 672 569 731 visum,
617 669 840 730 scriptoris
877 669 1007 714 fuisse
1044 686 1229 722 nornen,
1276 688 1357 717 non
1402 690 1489 718 am-

144 755 259 817 plius
283 761 426 815 potest
460 767 550 797 esse
588 751 769 795 dubium
791 784 803 804 ,
837 752 1031 810 quamvis
1058 751 1267 797 Codicum
1298 754 1491 799 Heracli·

144 845 312 882 teorum
348 834 604 878 auctoritate
637 841 811 880 eatenus
846 839 1013 877 tantum
1036 833 1085 877 >in
1114 835 1493 893 quae'stionevdiri-

147 917 298 978 menda
332 916 490 978 possim
533 914 660 958 inniti
683 948 694 965 ,
729 924 937 974 quatenus
965 915 1016 959 iis
1047 924 1110 960 est
1133 915 1238 960 fides
1263 915 1458 962 habenda
1482 952 1492 970 ,

148 1011 258 1059 quae
285 1003 545 1042 monuerunt
576 995 713 1040 Lucas
739 996 987 1040 Holstenius
1013 997 1057 1040 in
1082 996 1183 1043 diss.
1218 997 1272 1042 de
1299 998 1494 1060 Porphy-

146 1082 212 1125 rio
254 1091 350 1139 cap.
384 1079 488 1123 VIII
535 1086 579 1122 et
621 1077 877 1130 Fabricius,
926 1078 977 1123 B.
1014 1078 1068 1124 G.
1096 1078 1133 1124 1.
1182 1095 1225 1139 p.
1269 1083 1351 1125 133
1395 1092 1492 1140 sq.‘;

148 1176 280 1223 quum
315 1176 339 1206 e
369 1159 508 1205 Codd.
545 1160 761 1204 Vaticanis
789 1159 897 1203 mihi
928 1158 981 1204 de
1013 1161 1183 1205 nomine
1219 1162 1278 1205 nil
1317 1162 1495 1222 liqueat.

150 1245 207 1288 At
259 1243 330 1289 cff.
383 1239 606 1287 Schaei‘er.
655 1240 708 1284 ad
752 1241 884 1300 Greg.
929 1241 1130 1288 Corinth.
1182 1258 1279 1302 pag.
1328 1246 1412 1287 170
1456 1253 1499 1288 et

150 1324 388 1371 Osann.‘in
413 1323 550 1384 praef.
579 1322 629 1366 ad
658 1321 838 1368 Cornut.
873 1337 970 1384 pag.
996 1335 1075 1369 mr.
1114 1324 1211 1368 Alia
1237 1340 1336 1370 vero
1362 1325 1499 1371 multa

152 1409 194 1450 in
223 1413 428 1466 promptu
459 1411 558 1448 sunt
587 1411 856 1463 argumenta.
917 1403 1195 1461 Ἡράκλειτος
1224 1407 1432 1450 excitatur
1458 1408 1500 1450 in

151 1487 301 1534 Schol.
327 1486 380 1531 ad
404 1487 534 1532 Hom.
564 1485 623 1532 11.
656 1483 712 1532 Ξ.
741 1487 828 1529 200
861 1484 982 1542 (Vid.
1014 1484 1234 1532 Schaefer.
1270 1486 1299 1532 l.
1321 1487 1350 1532 l.
1369 1521 1380 1539 ,
1414 1488 1501 1535 Iac.

155 1571 389 1628 Bernays„
424 1567 679 1613 Heraclit.I
712 1582 809 1627 pag.
840 1568 896 1609 27
917 1599 929 1618 ,
964 1581 1102 1610 meam
1138 1566 1325 1627 denique
1366 1584 1502 1613 anno·

155 1651 360 1694 tationem
391 1664 490 1708 pag.
510 1650 611 1692 101.
646 1647 710 1703 3).
777 1645 1026 1703 Eustatliius
1059 1646 1111 1690 ad
1142 1647 1374 1707 Odysseam
1402 1665 1500 1710 pag.

159 1729 374 1776 1504⁸ed.
411 1730 538 1774 Rom.
572 1727 873 1787 allegoriarum
909 1728 1237 1772 Homericarum
1277 1730 1504 1790 scriptores

155 1811 349 1856 nominat
379 1808 686 1870 Palaephatum
712 1817 756 1853 et
785 1807 1020 1854 Characem
1042 1841 1055 1862 ,
1090 1807 1248 1853 addens
1279 1809 1522 1868 “Ηράκλει-,

154 1903 250 1944 τος-ς
283 1892 359 1950 οὐχ
385 1894 412 1935 o‘
429 1881 670 1941 'enez-avoc,
716 1889 809 1934 ἀλλ’
851 1889 988 1945 ἕτερός
1024 1905 1112 1940 τις,
1146 1892 1171 1933 ὀ
1196 1894 1285 1940 τοῖς
1311 1890 1506 1940 ἀπίστοις

154 1969 425 2027 προθέμενος
441 1971 630 2024 ἐμφῆναι
666 1968 843 2018 πίστιν,
879 1966 993 2011 unde
1031 1966 1178 2025 colligi
1217 1968 1383 2026 possit,
1417 1969 1506 2012 Eu·

157 2048 360 2094 stathium
385 2047 438 2092 ad
461 2046 651 2092 eundem
675 2056 899 2093 auctorem·
925 2047 1120 2092 retulisse
1155 2047 1393 2108 Allegorias
1418 2048 1507 2093 Ho-

157 2131 337 2176 mericas
365 2139 410 2175 et
449 2129 649 2174 libellum
681 2129 775 2186 περὶ
806 2131 1021 2181 ἀπίστων,
1065 2131 1143 2190 qui
1176 2130 1255 2174 sub
1301 2130 1508 2175 Heracliti

158 2212 330 2257 nomine
357 2210 678 2256 circumfertur.
715 2209 1028 2269 Allegoriarum
1057 2211 1385 2256 Homericarum
1413 2227 1508 2272 cap.

162 2296 218 2339 40
249 2300 384 2337 exstat
413 2292 457 2334 in
496 2290 646 2336 Schol.
681 2290 755 2335 ad*
782 2291 836 2336 ll.
868 2293 918 2335 Ο.
954 2293 1036 2344 18,
1086 2291 1235 2335 addito
1280 2292 1324 2336 in
1370 2292 1511 2337 fronte

160 2371 443 2430 ‘Homul-tirou
486 2372 676 2417 nomine.
752 2370 987 2431 Descripsit
1029 2386 1052 2415 e
1098 2371 1205 2416 Cod.
1256 2372 1387 2418 Marc.
1424 2374 1511 2416 613

163 2452 350 2499 Cobetus
387 2451 582 2497 scholion
617 2452 669 2495 ad
709 2451 794 2497 Od.
827 2457 880 2497 A.
909 2455 1026 2504 384,
1060 2453 1181 2496 cuius
1222 2452 1303 2497 hoc
1334 2462 1397 2498 est
1429 2454 1512 2498 ini-

163 2535 272 2578 tium
291 2551 302 2578 :
336 2532 618 2591 ἠλληγόρὴται
636 2536 754 2590 παρὰ
772 2537 832 2590 τῷ
844 2533 1100 2590 ‘'Homul-‘offrir’
1125 2536 1221 2590 περὶ
1247 2536 1320 2579 τὸν
1333 2535 1515 2592 Πρωτέα

163 2617 304 2665 οὕτως.
369 2612 534 2670 Quibus
566 2611 763 2656 omnibus
798 2610 907 2655 adde
946 2612 1011 2658 Io.
1043 2612 1220 2656 Tzetzae
1261 2613 1436 2671 ExegeS.
1470 2612 1511 2655 in

164 2693 218 2738 ΙΙ.
248 2709 346 2754 pag.
377 2697 401 2738 4
434 2693 501 2739 ed.
535 2694 719 2738 Herm:
755 2691 1031 2748 εΗροίκλειτος
1064 2692 1109 2736 δὲ
1138 2696 1161 2736 ὁ
1194 2692 1359 2744 δεινὸς,
1395 2709 1513 2747 φυσι·

165 2778 247 2824 κῶς
273 2776 376 2829 μὲν,
424 2777 494 2819 ναὶ
527 2777 611 2830 μὴν
638 2777 707 2818 καὶ
737 2774 962 2830 ῥητορικῶς
991 2774 1099 2815 κατὰ
1126 2772 1171 2813 τὸ
1199 2770 1346 2814 δοκοῦν
1369 2772 1511 2824 ἐκείνῳ

163 2858 238 2908 τὴν
265 2853 368 2908 ὅλην
396 2852 565 2896 Ἰλιάδα
591 2855 661 2895 καὶ
687 2852 932 2896 Ὀδύσσειαν
958 2850 1250 2904 ἠλληγόρησεν.
1289 2850 1368 2903 Qui
1400 2849 1510 2891 enim
