<?xml version="1.0" encoding="UTF-8"?>
<!DOCTYPE html PUBLIC "-//W3C//DTD XHTML 1.0 Transitional//EN"
    "http://www.w3.org/TR/xhtml1/DTD/xhtml1-transitional.dtd">
<html xmlns="http://www.w3.org/1999/xhtml" xml:lang="en" lang="en">
 <head>
  <title>
</title>
<meta http-equiv="Content-Type" content="text/html;charset=utf-8" />
  <meta name='ocr-system' content='tesseract 3.04.00' />
  <meta name='ocr-capabilities' content='ocr_page ocr_carea ocr_par ocr_line ocrx_word'/>
</head>
<body>
  <div class='ocr_page' id='page_1' title='image "./heraclitiallegor00herauoft_0010.png"; bbox 0 0 1734 3386; ppageno 0'>
   <div class='ocr_carea' id='block_1_1' title="bbox 815 364 1047 392">
    <p class='ocr_par' dir='ltr' id='par_1_1' title="bbox 815 364 1047 392">
     <span class='ocr_line' id='line_1_1' title="bbox 815 364 1047 392; baseline 0.022 -4"><span class='ocrx_word' id='word_1_1' title='bbox 815 364 1047 392; x_wconf 50' lang='grc' dir='ltr'><strong>..μιν-’-</strong></span> 
     </span>
    </p>
   </div>
   <div class='ocr_carea' id='block_1_2' title="bbox 278 471 1661 2619">
    <p class='ocr_par' dir='ltr' id='par_1_2' title="bbox 278 471 1661 2619">
     <span class='ocr_line' id='line_1_2' title="bbox 284 471 1601 532; baseline -0.012 -1"><span class='ocrx_word' id='word_1_2' title='bbox 284 503 351 532; x_wconf 89' lang='lat' dir='ltr'><strong>eos</strong></span> <span class='ocrx_word' id='word_1_3' title='bbox 380 485 497 529; x_wconf 89' lang='lat' dir='ltr'><strong>libris</strong></span> <span class='ocrx_word' id='word_1_4' title='bbox 530 483 581 525; x_wconf 91' lang='lat' dir='ltr'><strong>ab</strong></span> <span class='ocrx_word' id='word_1_5' title='bbox 612 480 814 526; x_wconf 76' lang='lat' dir='ltr'>Heracliti</span> <span class='ocrx_word' id='word_1_6' title='bbox 842 477 1075 521; x_wconf 82' lang='lat' dir='ltr'>editoribus</span> <span class='ocrx_word' id='word_1_7' title='bbox 1113 472 1318 517; x_wconf 72' lang='lat' dir='ltr'><strong>adhibitis</strong></span> <span class='ocrx_word' id='word_1_8' title='bbox 1339 488 1423 517; x_wconf 91' lang='lat' dir='ltr'><strong>non</strong></span> <span class='ocrx_word' id='word_1_9' title='bbox 1467 471 1601 516; x_wconf 87' lang='lat' dir='ltr'><strong>solum</strong></span> 
     </span>
     <span class='ocr_line' id='line_1_3' title="bbox 286 553 1605 623; baseline -0.012 -12"><span class='ocrx_word' id='word_1_10' title='bbox 286 579 372 611; x_wconf 88' lang='lat' dir='ltr'><strong>esse</strong></span> <span class='ocrx_word' id='word_1_11' title='bbox 397 565 643 623; x_wconf 80' lang='lat' dir='ltr'><strong>integriores</strong></span> <span class='ocrx_word' id='word_1_12' title='bbox 661 592 672 611; x_wconf 89' lang='lat'><em>,</em></span> <span class='ocrx_word' id='word_1_13' title='bbox 705 559 775 604; x_wconf 89' lang='lat' dir='ltr'><strong>sed</strong></span> <span class='ocrx_word' id='word_1_14' title='bbox 801 560 926 603; x_wconf 87' lang='lat' dir='ltr'><strong>etiam</strong></span> <span class='ocrx_word' id='word_1_15' title='bbox 953 556 1088 600; x_wconf 89' lang='lat' dir='ltr'><strong>multo</strong></span> <span class='ocrx_word' id='word_1_16' title='bbox 1112 554 1452 614; x_wconf 77' lang='lat' dir='ltr'><strong>praestantiores.</strong></span> <span class='ocrx_word' id='word_1_17' title='bbox 1516 553 1605 614; x_wconf 64' lang='lat' dir='ltr'><strong>Nec</strong></span> 
     </span>
     <span class='ocr_line' id='line_1_4' title="bbox 285 623 1631 698; baseline -0.01 -8"><span class='ocrx_word' id='word_1_18' title='bbox 285 656 423 691; x_wconf 89' lang='lat' dir='ltr'><strong>tamen</strong></span> <span class='ocrx_word' id='word_1_19' title='bbox 449 658 473 687; x_wconf 88' lang='lat' dir='ltr'><strong>e</strong></span> <span class='ocrx_word' id='word_1_20' title='bbox 501 650 618 686; x_wconf 89' lang='lat' dir='ltr'><strong>tanto</strong></span> <span class='ocrx_word' id='word_1_21' title='bbox 646 638 1058 698; x_wconf 78' lang='lat' dir='ltr'>diligentissimorum</span> <span class='ocrx_word' id='word_1_22' title='bbox 1086 634 1401 694; x_wconf 85' lang='lat' dir='ltr'><strong>philologorum</strong></span> <span class='ocrx_word' id='word_1_23' title='bbox 1429 623 1631 678; x_wconf 65' lang='lat' dir='ltr'><strong>numero&#39;</strong></span> 
     </span>
     <span class='ocr_line' id='line_1_5' title="bbox 286 713 1607 783; baseline -0.009 -14"><span class='ocrx_word' id='word_1_24' title='bbox 286 726 420 771; x_wconf 88' lang='lat' dir='ltr'><strong>ullum</strong></span> <span class='ocrx_word' id='word_1_25' title='bbox 437 738 528 783; x_wconf 89' lang='lat' dir='ltr'><strong>spes</strong></span> <span class='ocrx_word' id='word_1_26' title='bbox 553 718 864 778; x_wconf 81' lang='lat' dir='ltr'><strong>redintegrandi</strong></span> <span class='ocrx_word' id='word_1_27' title='bbox 889 718 1136 776; x_wconf 84' lang='lat' dir='ltr'><strong>scriptorem</strong></span> <span class='ocrx_word' id='word_1_28' title='bbox 1155 747 1167 766; x_wconf 89' lang='lat'>‚</span> <span class='ocrx_word' id='word_1_29' title='bbox 1198 715 1268 759; x_wconf 92' lang='lat' dir='ltr'><strong>cui</strong></span> <span class='ocrx_word' id='word_1_30' title='bbox 1295 713 1607 775; x_wconf 86' lang='lat' dir='ltr'><strong>pulcherrimos</strong></span> 
     </span>
     <span class='ocr_line' id='line_1_6' title="bbox 286 793 1606 856; baseline -0.01 -6"><span class='ocrx_word' id='word_1_31' title='bbox 286 805 430 851; x_wconf 81' lang='lat' dir='ltr'><strong>Alcaei</strong></span> <span class='ocrx_word' id='word_1_32' title='bbox 459 800 816 856; x_wconf 86' lang='lat' dir='ltr'><strong>Anacreontisque</strong></span> <span class='ocrx_word' id='word_1_33' title='bbox 843 812 981 840; x_wconf 88' lang='lat' dir='ltr'><strong>versus</strong></span> <span class='ocrx_word' id='word_1_34' title='bbox 1010 804 1192 842; x_wconf 82' lang='lat' dir='ltr'><strong>servatos</strong></span> <span class='ocrx_word' id='word_1_35' title='bbox 1232 795 1436 840; x_wconf 86' lang='lat' dir='ltr'><strong>debemus</strong></span> <span class='ocrx_word' id='word_1_36' title='bbox 1456 827 1468 847; x_wconf 91' lang='lat'>‚</span> <span class='ocrx_word' id='word_1_37' title='bbox 1502 793 1606 838; x_wconf 87' lang='lat' dir='ltr'><strong>adeo</strong></span> 
     </span>
     <span class='ocr_line' id='line_1_7' title="bbox 285 874 1607 944; baseline -0.008 -15"><span class='ocrx_word' id='word_1_38' title='bbox 285 885 426 944; x_wconf 89' lang='lat' dir='ltr'><strong>potuit</strong></span> <span class='ocrx_word' id='word_1_39' title='bbox 449 882 617 925; x_wconf 82' lang='lat' dir='ltr'><strong>allicere</strong></span> <span class='ocrx_word' id='word_1_40' title='bbox 651 893 785 937; x_wconf 86' lang='lat' dir='ltr'><strong>eoque</strong></span> <span class='ocrx_word' id='word_1_41' title='bbox 817 876 1011 936; x_wconf 83' lang='lat' dir='ltr'><strong>adigere,</strong></span> <span class='ocrx_word' id='word_1_42' title='bbox 1046 885 1094 920; x_wconf 90' lang='lat' dir='ltr'><strong>ut</strong></span> <span class='ocrx_word' id='word_1_43' title='bbox 1117 891 1248 921; x_wconf 86' lang='lat' dir='ltr'><strong>novae</strong></span> <span class='ocrx_word' id='word_1_44' title='bbox 1276 875 1486 935; x_wconf 87' lang='lat' dir='ltr'><strong>parandae</strong></span> <span class='ocrx_word' id='word_1_45' title='bbox 1515 874 1607 919; x_wconf 82' lang='lat' dir='ltr'><strong>He·</strong></span> 
     </span>
     <span class='ocr_line' id='line_1_8' title="bbox 285 958 1609 1017; baseline -0.007 -9"><span class='ocrx_word' id='word_1_46' title='bbox 285 964 421 1008; x_wconf 84' lang='lat' dir='ltr'><strong>racliti</strong></span> <span class='ocrx_word' id='word_1_47' title='bbox 456 961 649 1006; x_wconf 81' lang='lat' dir='ltr'><strong>editionis</strong></span> <span class='ocrx_word' id='word_1_48' title='bbox 690 958 913 1002; x_wconf 90' lang='lat' dir='ltr'><strong>consilium</strong></span> <span class='ocrx_word' id='word_1_49' title='bbox 950 958 1207 1017; x_wconf 87' lang='lat' dir='ltr'><strong>susciperet,</strong></span> <span class='ocrx_word' id='word_1_50' title='bbox 1239 965 1283 1002; x_wconf 84' lang='lat' dir='ltr'><strong>et</strong></span> <span class='ocrx_word' id='word_1_51' title='bbox 1319 958 1535 1016; x_wconf 81' lang='lat' dir='ltr'><strong>integrae,</strong></span> <span class='ocrx_word' id='word_1_52' title='bbox 1567 965 1609 1000; x_wconf 88' lang='lat' dir='ltr'><strong>et</strong></span> 
     </span>
     <span class='ocr_line' id='line_1_9' title="bbox 286 1037 1610 1103; baseline -0.005 -16"><span class='ocrx_word' id='word_1_53' title='bbox 286 1041 570 1103; x_wconf 87' lang='lat' dir='ltr'><strong>superioribus</strong></span> <span class='ocrx_word' id='word_1_54' title='bbox 607 1037 931 1090; x_wconf 82' lang='lat' dir='ltr'><strong>emendatioris3</strong></span> <span class='ocrx_word' id='word_1_55' title='bbox 973 1037 1109 1081; x_wconf 91' lang='lat' dir='ltr'><strong>donec</strong></span> <span class='ocrx_word' id='word_1_56' title='bbox 1153 1037 1366 1090; x_wconf 82' lang='lat' dir='ltr'><strong>Cobetus,</strong></span> <span class='ocrx_word' id='word_1_57' title='bbox 1406 1037 1610 1082; x_wconf 79' lang='lat' dir='ltr'><strong>Franciae</strong></span> 
     </span>
     <span class='ocr_line' id='line_1_10' title="bbox 284 1117 1611 1181; baseline -0.006 -13"><span class='ocrx_word' id='word_1_58' title='bbox 284 1124 516 1181; x_wconf 84' lang='lat' dir='ltr'><strong>Italiaeque</strong></span> <span class='ocrx_word' id='word_1_59' title='bbox 562 1118 839 1164; x_wconf 85' lang='lat' dir='ltr'><strong>bibliothecas</strong></span> <span class='ocrx_word' id='word_1_60' title='bbox 883 1133 1014 1177; x_wconf 86' lang='lat' dir='ltr'><strong>quum</strong></span> <span class='ocrx_word' id='word_1_61' title='bbox 1066 1118 1341 1177; x_wconf 85' lang='lat' dir='ltr'><strong>perlustraret</strong></span> <span class='ocrx_word' id='word_1_62' title='bbox 1391 1125 1434 1162; x_wconf 85' lang='lat' dir='ltr'><strong>et</strong></span> <span class='ocrx_word' id='word_1_63' title='bbox 1478 1117 1521 1161; x_wconf 85' lang='lat' dir='ltr'><strong>ln</strong></span> <span class='ocrx_word' id='word_1_64' title='bbox 1560 1117 1611 1160; x_wconf 86' lang='lat' dir='ltr'><strong>iis</strong></span> 
     </span>
     <span class='ocr_line' id='line_1_11' title="bbox 286 1196 1610 1257; baseline -0.005 -11"><span class='ocrx_word' id='word_1_65' title='bbox 286 1203 559 1247; x_wconf 87' lang='lat' dir='ltr'><strong>collationum</strong></span> <span class='ocrx_word' id='word_1_66' title='bbox 588 1199 973 1257; x_wconf 88' lang='lat' dir='ltr'><strong>anecdotorumque</strong></span> <span class='ocrx_word' id='word_1_67' title='bbox 999 1196 1216 1241; x_wconf 86' lang='lat' dir='ltr'><strong>thesauros</strong></span> <span class='ocrx_word' id='word_1_68' title='bbox 1232 1196 1479 1256; x_wconf 79' lang='lat' dir='ltr'><strong>colligeret,</strong></span> <span class='ocrx_word' id='word_1_69' title='bbox 1504 1211 1610 1257; x_wconf 81' lang='lat' dir='ltr'><strong>quos</strong></span> 
     </span>
     <span class='ocr_line' id='line_1_12' title="bbox 288 1278 1612 1339; baseline -0.004 -12"><span class='ocrx_word' id='word_1_70' title='bbox 288 1280 584 1339; x_wconf 77' lang='lat' dir='ltr'><strong>admirabundi</strong></span> <span class='ocrx_word' id='word_1_71' title='bbox 625 1280 813 1324; x_wconf 82' lang='lat' dir='ltr'><strong>videmus</strong></span> <span class='ocrx_word' id='word_1_72' title='bbox 832 1313 843 1330; x_wconf 91' lang='lat'><strong>,</strong></span> <span class='ocrx_word' id='word_1_73' title='bbox 877 1278 1032 1338; x_wconf 86' lang='lat' dir='ltr'><strong>quibus</strong></span> <span class='ocrx_word' id='word_1_74' title='bbox 1071 1278 1151 1321; x_wconf 86' lang='lat' dir='ltr'><strong>viri</strong></span> <span class='ocrx_word' id='word_1_75' title='bbox 1190 1279 1254 1321; x_wconf 90' lang='lat' dir='ltr'><strong>uti</strong></span> <span class='ocrx_word' id='word_1_76' title='bbox 1291 1278 1391 1323; x_wconf 87' lang='lat' dir='ltr'><strong>licet</strong></span> <span class='ocrx_word' id='word_1_77' title='bbox 1433 1278 1612 1323; x_wconf 84' lang='lat' dir='ltr'><strong>institu-</strong></span> 
     </span>
     <span class='ocr_line' id='line_1_13' title="bbox 289 1344 1612 1418; baseline -0.003 -12"><span class='ocrx_word' id='word_1_78' title='bbox 289 1365 405 1407; x_wconf 87' lang='lat' dir='ltr'><strong>tione</strong></span> <span class='ocrx_word' id='word_1_79' title='bbox 445 1370 487 1405; x_wconf 90' lang='lat' dir='ltr'><strong>et</strong></span> <span class='ocrx_word' id='word_1_80' title='bbox 526 1360 843 1412; x_wconf 84' lang='lat' dir='ltr'><strong>familiaritate,</strong></span> <span class='ocrx_word' id='word_1_81' title='bbox 877 1373 1069 1418; x_wconf 88' lang='lat' dir='ltr'><strong>quosque</strong></span> <span class='ocrx_word' id='word_1_82' title='bbox 1104 1374 1200 1403; x_wconf 90' lang='lat' dir='ltr'><strong>mox</strong></span> <span class='ocrx_word' id='word_1_83' title='bbox 1240 1359 1345 1403; x_wconf 87' lang='lat' dir='ltr'><strong>laeti</strong></span> <span class='ocrx_word' id='word_1_84' title='bbox 1369 1344 1612 1418; x_wconf 82' lang='lat' dir='ltr'><strong>excipient.</strong></span> 
     </span>
     <span class='ocr_line' id='line_1_14' title="bbox 290 1437 1609 1501; baseline -0.002 -15"><span class='ocrx_word' id='word_1_85' title='bbox 290 1437 630 1501; x_wconf 57' lang='lat' dir='ltr'><strong>quibuscumque</strong></span> <span class='ocrx_word' id='word_1_86' title='bbox 658 1441 911 1485; x_wconf 87' lang='lat' dir='ltr'><strong>Graecarum</strong></span> <span class='ocrx_word' id='word_1_87' title='bbox 948 1439 1167 1484; x_wconf 80' lang='lat' dir='ltr'><strong>literarum</strong></span> <span class='ocrx_word' id='word_1_88' title='bbox 1211 1438 1322 1483; x_wconf 89' lang='lat' dir='ltr'><strong>salus</strong></span> <span class='ocrx_word' id='word_1_89' title='bbox 1360 1439 1479 1484; x_wconf 89' lang='lat' dir='ltr'><strong>cordi</strong></span> <span class='ocrx_word' id='word_1_90' title='bbox 1515 1448 1609 1493; x_wconf 69' lang='grc' dir='ltr'><strong>θεῖς</strong></span> 
     </span>
     <span class='ocr_line' id='line_1_15' title="bbox 289 1517 1615 1579; baseline -0.003 -13"><span class='ocrx_word' id='word_1_91' title='bbox 289 1523 425 1566; x_wconf 92' lang='lat' dir='ltr'><strong>donec</strong></span> <span class='ocrx_word' id='word_1_92' title='bbox 455 1521 669 1572; x_wconf 82' lang='lat' dir='ltr'><strong>Cobetus,</strong></span> <span class='ocrx_word' id='word_1_93' title='bbox 700 1522 870 1579; x_wconf 88' lang='lat' dir='ltr'><strong>inquam</strong></span> <span class='ocrx_word' id='word_1_94' title='bbox 891 1553 902 1572; x_wconf 90' lang='lat'><em>‚</em></span> <span class='ocrx_word' id='word_1_95' title='bbox 935 1520 1061 1563; x_wconf 89' lang='lat' dir='ltr'><strong>etiam</strong></span> <span class='ocrx_word' id='word_1_96' title='bbox 1088 1517 1306 1563; x_wconf 86' lang='lat' dir='ltr'><strong>Heraclito</strong></span> <span class='ocrx_word' id='word_1_97' title='bbox 1343 1519 1504 1564; x_wconf 82' lang='lat' dir='ltr'><strong>exstitit</strong></span> <span class='ocrx_word' id='word_1_98' title='bbox 1528 1533 1615 1562; x_wconf 82' lang='lat' dir='ltr'><strong>sos-</strong></span> 
     </span>
     <span class='ocr_line' id='line_1_16' title="bbox 290 1597 1613 1661; baseline -0.002 -16"><span class='ocrx_word' id='word_1_99' title='bbox 290 1604 479 1661; x_wconf 73' lang='lat' dir='ltr'><strong>pitator„</strong></span> <span class='ocrx_word' id='word_1_100' title='bbox 525 1616 656 1660; x_wconf 89' lang='lat' dir='ltr'><strong>quum</strong></span> <span class='ocrx_word' id='word_1_101' title='bbox 700 1616 782 1644; x_wconf 91' lang='lat' dir='ltr'><strong>non</strong></span> <span class='ocrx_word' id='word_1_102' title='bbox 821 1599 955 1643; x_wconf 89' lang='lat' dir='ltr'><strong>solum</strong></span> <span class='ocrx_word' id='word_1_103' title='bbox 1007 1598 1316 1658; x_wconf 82' lang='lat' dir='ltr'><strong>Allegoriarum</strong></span> <span class='ocrx_word' id='word_1_104' title='bbox 1357 1597 1469 1642; x_wconf 87' lang='lat' dir='ltr'><strong>istud</strong></span> <span class='ocrx_word' id='word_1_105' title='bbox 1513 1613 1613 1658; x_wconf 86' lang='lat' dir='ltr'><strong>sup·-</strong></span> 
     </span>
     <span class='ocr_line' id='line_1_17' title="bbox 289 1671 1615 1740; baseline -0.002 -15"><span class='ocrx_word' id='word_1_106' title='bbox 289 1671 550 1740; x_wconf 84' lang='lat' dir='ltr'><strong>plementum</strong></span> <span class='ocrx_word' id='word_1_107' title='bbox 577 1697 600 1724; x_wconf 91' lang='lat' dir='ltr'><strong>e</strong></span> <span class='ocrx_word' id='word_1_108' title='bbox 631 1680 736 1725; x_wconf 86' lang='lat' dir='ltr'><strong>cod.</strong></span> <span class='ocrx_word' id='word_1_109' title='bbox 768 1683 853 1724; x_wconf 88' lang='lat'><strong>305</strong></span> <span class='ocrx_word' id='word_1_110' title='bbox 885 1679 1179 1732; x_wconf 85' lang='lat' dir='ltr'><strong>describeret,</strong></span> <span class='ocrx_word' id='word_1_111' title='bbox 1213 1687 1412 1723; x_wconf 86' lang='lat' dir='ltr'><strong>annotata</strong></span> <span class='ocrx_word' id='word_1_112' title='bbox 1440 1679 1615 1724; x_wconf 82' lang='lat' dir='ltr'><strong>alterius</strong></span> 
     </span>
     <span class='ocr_line' id='line_1_18' title="bbox 290 1760 1617 1812; baseline -0.001 -7"><span class='ocrx_word' id='word_1_113' title='bbox 290 1760 456 1805; x_wconf 85' lang='lat' dir='ltr'><strong>Codicis</strong></span> <span class='ocrx_word' id='word_1_114' title='bbox 486 1762 684 1805; x_wconf 81' lang='lat' dir='ltr'><strong>varietate</strong></span> <span class='ocrx_word' id='word_1_115' title='bbox 699 1788 714 1812; x_wconf 88' lang='lat'><strong>·,</strong></span> <span class='ocrx_word' id='word_1_116' title='bbox 747 1760 818 1803; x_wconf 87' lang='lat' dir='ltr'><strong>sed</strong></span> <span class='ocrx_word' id='word_1_117' title='bbox 858 1761 983 1804; x_wconf 88' lang='lat' dir='ltr'><strong>etiam</strong></span> <span class='ocrx_word' id='word_1_118' title='bbox 1019 1768 1260 1804; x_wconf 86' lang='lat' dir='ltr'><strong>accuratam</strong></span> <span class='ocrx_word' id='word_1_119' title='bbox 1291 1776 1315 1804; x_wconf 93' lang='lat' dir='ltr'><strong>e</strong></span> <span class='ocrx_word' id='word_1_120' title='bbox 1344 1760 1466 1804; x_wconf 76' lang='lat' dir='ltr'><strong>libris</strong></span> <span class='ocrx_word' id='word_1_121' title='bbox 1497 1761 1617 1804; x_wconf 80' lang='lat' dir='ltr'><strong>Vati-</strong></span> 
     </span>
     <span class='ocr_line' id='line_1_19' title="bbox 291 1839 1619 1900; baseline 0 -16"><span class='ocrx_word' id='word_1_122' title='bbox 291 1841 404 1884; x_wconf 86' lang='lat' dir='ltr'><strong>canis</strong></span> <span class='ocrx_word' id='word_1_123' title='bbox 434 1841 660 1885; x_wconf 89' lang='lat' dir='ltr'><strong>conficeret</strong></span> <span class='ocrx_word' id='word_1_124' title='bbox 690 1842 772 1884; x_wconf 84' lang='lat' dir='ltr'><strong>iam</strong></span> <span class='ocrx_word' id='word_1_125' title='bbox 807 1839 946 1885; x_wconf 89' lang='lat' dir='ltr'><strong>editae</strong></span> <span class='ocrx_word' id='word_1_126' title='bbox 989 1840 1295 1900; x_wconf 80' lang='lat' dir='ltr'><strong>Allegoriarum</strong></span> <span class='ocrx_word' id='word_1_127' title='bbox 1323 1841 1455 1900; x_wconf 87' lang='lat' dir='ltr'><strong>partis</strong></span> <span class='ocrx_word' id='word_1_128' title='bbox 1486 1840 1619 1885; x_wconf 78' lang='lat' dir='ltr'><strong>colla-</strong></span> 
     </span>
     <span class='ocr_line' id='line_1_20' title="bbox 292 1920 1619 1981; baseline 0.002 -18"><span class='ocrx_word' id='word_1_129' title='bbox 292 1923 469 1965; x_wconf 83' lang='lat' dir='ltr'><strong>tionem.</strong></span> <span class='ocrx_word' id='word_1_130' title='bbox 531 1921 698 1964; x_wconf 83' lang='lat' dir='ltr'><strong>Novum</strong></span> <span class='ocrx_word' id='word_1_131' title='bbox 723 1928 938 1978; x_wconf 84' lang='lat' dir='ltr'><strong>praeterea</strong></span> <span class='ocrx_word' id='word_1_132' title='bbox 965 1920 1110 1964; x_wconf 90' lang='lat' dir='ltr'><strong>futuro</strong></span> <span class='ocrx_word' id='word_1_133' title='bbox 1137 1920 1289 1965; x_wconf 89' lang='lat' dir='ltr'><strong>editori</strong></span> <span class='ocrx_word' id='word_1_134' title='bbox 1313 1922 1479 1981; x_wconf 86' lang='lat' dir='ltr'><strong>paravit</strong></span> <span class='ocrx_word' id='word_1_135' title='bbox 1501 1923 1619 1966; x_wconf 83' lang='lat' dir='ltr'><strong>auxi·</strong></span> 
     </span>
     <span class='ocr_line' id='line_1_21' title="bbox 295 1999 1619 2058; baseline 0.002 -16"><span class='ocrx_word' id='word_1_136' title='bbox 295 2001 398 2044; x_wconf 91' lang='lat' dir='ltr'><strong>lium</strong></span> <span class='ocrx_word' id='word_1_137' title='bbox 431 2000 556 2043; x_wconf 88' lang='lat' dir='ltr'><strong>tertio</strong></span> <span class='ocrx_word' id='word_1_138' title='bbox 578 1999 774 2058; x_wconf 81' lang='lat' dir='ltr'><strong>indagato</strong></span> <span class='ocrx_word' id='word_1_139' title='bbox 799 1999 1002 2043; x_wconf 84' lang='lat' dir='ltr'><strong>Heracliti</strong></span> <span class='ocrx_word' id='word_1_140' title='bbox 1026 1999 1174 2043; x_wconf 91' lang='lat' dir='ltr'><strong>codice</strong></span> <span class='ocrx_word' id='word_1_141' title='bbox 1200 2000 1402 2044; x_wconf 83' lang='lat' dir='ltr'><strong>Vaticano</strong></span> <span class='ocrx_word' id='word_1_142' title='bbox 1422 2001 1619 2054; x_wconf 80' lang='lat' dir='ltr'><strong>,··mutilo</strong></span> 
     </span>
     <span class='ocr_line' id='line_1_22' title="bbox 278 2078 1620 2141; baseline 0.003 -20"><span class='ocrx_word' id='word_1_143' title='bbox 278 2078 576 2137; x_wconf 82' lang='lat' dir='ltr'><strong>illoquidem</strong></span> <span class='ocrx_word' id='word_1_144' title='bbox 598 2111 610 2131; x_wconf 90' lang='lat'>,</span> <span class='ocrx_word' id='word_1_145' title='bbox 654 2078 724 2122; x_wconf 88' lang='lat' dir='ltr'><strong>sed</strong></span> <span class='ocrx_word' id='word_1_146' title='bbox 771 2078 905 2122; x_wconf 89' lang='lat' dir='ltr'><strong>bonae</strong></span> <span class='ocrx_word' id='word_1_147' title='bbox 943 2078 1074 2137; x_wconf 83' lang='lat' dir='ltr'><strong>frugis</strong></span> <span class='ocrx_word' id='word_1_148' title='bbox 1114 2078 1242 2137; x_wconf 90' lang='lat' dir='ltr'><strong>pleno</strong></span> <span class='ocrx_word' id='word_1_149' title='bbox 1278 2079 1321 2123; x_wconf 92' lang='lat' dir='ltr'><strong>in</strong></span> <span class='ocrx_word' id='word_1_150' title='bbox 1362 2079 1478 2134; x_wconf 89' lang='lat' dir='ltr'><strong>illis,</strong></span> <span class='ocrx_word' id='word_1_151' title='bbox 1512 2096 1620 2141; x_wconf 87' lang='lat' dir='ltr'><strong>quae</strong></span> 
     </span>
     <span class='ocr_line' id='line_1_23' title="bbox 296 2152 1659 2218; baseline 0.003 -16"><span class='ocrx_word' id='word_1_152' title='bbox 296 2152 486 2216; x_wconf 88' lang='lat' dir='ltr'><strong>praebet.</strong></span> <span class='ocrx_word' id='word_1_153' title='bbox 564 2159 680 2215; x_wconf 81' lang='lat' dir='ltr'><strong>Quae</strong></span> <span class='ocrx_word' id='word_1_154' title='bbox 729 2159 869 2202; x_wconf 87' lang='lat' dir='ltr'><strong>omnia</strong></span> <span class='ocrx_word' id='word_1_155' title='bbox 915 2156 1022 2201; x_wconf 84' lang='lat' dir='ltr'><strong>mihi</strong></span> <span class='ocrx_word' id='word_1_156' title='bbox 1045 2190 1057 2211; x_wconf 88' lang='lat'><strong>,</strong></span> <span class='ocrx_word' id='word_1_157' title='bbox 1108 2172 1233 2217; x_wconf 90' lang='lat' dir='ltr'><strong>quem</strong></span> <span class='ocrx_word' id='word_1_158' title='bbox 1281 2159 1441 2204; x_wconf 84' lang='lat' dir='ltr'><strong>sciebat</strong></span> <span class='ocrx_word' id='word_1_159' title='bbox 1485 2161 1620 2206; x_wconf 87' lang='lat' dir='ltr'><strong>Hera·</strong></span> <span class='ocrx_word' id='word_1_160' title='bbox 1655 2210 1659 2218; x_wconf 9' lang='lat' dir='ltr'><strong>p</strong></span> 
     </span>
     <span class='ocr_line' id='line_1_24' title="bbox 297 2220 1661 2299; baseline 0.005 -18"><span class='ocrx_word' id='word_1_161' title='bbox 297 2238 398 2281; x_wconf 89' lang='lat' dir='ltr'><strong>clito</strong></span> <span class='ocrx_word' id='word_1_162' title='bbox 426 2253 595 2298; x_wconf 87' lang='lat' dir='ltr'><strong>operam</strong></span> <span class='ocrx_word' id='word_1_163' title='bbox 619 2238 781 2283; x_wconf 89' lang='lat' dir='ltr'><strong>dedisse</strong></span> <span class='ocrx_word' id='word_1_164' title='bbox 801 2272 812 2291; x_wconf 88' lang='lat'><em>,</em></span> <span class='ocrx_word' id='word_1_165' title='bbox 847 2238 1022 2282; x_wconf 89' lang='lat' dir='ltr'><strong>tradidit</strong></span> <span class='ocrx_word' id='word_1_166' title='bbox 1052 2237 1262 2290; x_wconf 86' lang='lat' dir='ltr'><strong>Cobetus,</strong></span> <span class='ocrx_word' id='word_1_167' title='bbox 1298 2241 1453 2299; x_wconf 85' lang='lat' dir='ltr'><strong>quibus</strong></span> <span class='ocrx_word' id='word_1_168' title='bbox 1481 2251 1621 2288; x_wconf 87' lang='lat' dir='ltr'><strong>uterer</strong></span> <span class='ocrx_word' id='word_1_169' title='bbox 1658 2220 1661 2225; x_wconf 31' lang='lat'><strong>⁴</strong></span> 
     </span>
     <span class='ocr_line' id='line_1_25' title="bbox 298 2318 1621 2394; baseline 0.005 -33"><span class='ocrx_word' id='word_1_170' title='bbox 298 2333 377 2376; x_wconf 91' lang='lat' dir='ltr'><strong>pro</strong></span> <span class='ocrx_word' id='word_1_171' title='bbox 411 2321 539 2394; x_wconf 36' lang='lat' dir='ltr'><strong>‘meis.</strong></span> <span class='ocrx_word' id='word_1_172' title='bbox 616 2318 745 2362; x_wconf 84' lang='lat' dir='ltr'><strong>Cuius</strong></span> <span class='ocrx_word' id='word_1_173' title='bbox 798 2334 896 2364; x_wconf 74' lang='lat' dir='ltr'><strong>vero</strong></span> <span class='ocrx_word' id='word_1_174' title='bbox 941 2329 984 2364; x_wconf 88' lang='lat' dir='ltr'><strong>et</strong></span> <span class='ocrx_word' id='word_1_175' title='bbox 1030 2319 1139 2363; x_wconf 88' lang='lat' dir='ltr'><strong>hanc</strong></span> <span class='ocrx_word' id='word_1_176' title='bbox 1178 2321 1383 2380; x_wconf 82' lang='lat' dir='ltr'><strong>insignem</strong></span> <span class='ocrx_word' id='word_1_177' title='bbox 1429 2322 1621 2368; x_wconf 87' lang='lat' dir='ltr'><strong>liberali-</strong></span> 
     </span>
     <span class='ocr_line' id='line_1_26' title="bbox 300 2394 1621 2458; baseline 0.007 -19"><span class='ocrx_word' id='word_1_178' title='bbox 300 2405 429 2442; x_wconf 88' lang='lat' dir='ltr'><strong>tatem</strong></span> <span class='ocrx_word' id='word_1_179' title='bbox 471 2397 712 2456; x_wconf 86' lang='lat' dir='ltr'><strong>praedicare</strong></span> <span class='ocrx_word' id='word_1_180' title='bbox 733 2433 743 2451; x_wconf 93' lang='lat'>,</span> <span class='ocrx_word' id='word_1_181' title='bbox 777 2411 820 2443; x_wconf 88' lang='lat' dir='ltr'><strong>et</strong></span> <span class='ocrx_word' id='word_1_182' title='bbox 863 2398 1064 2443; x_wconf 78' lang='lat' dir='ltr'><strong>extollere</strong></span> <span class='ocrx_word' id='word_1_183' title='bbox 1089 2432 1100 2451; x_wconf 93' lang='lat'>,</span> <span class='ocrx_word' id='word_1_184' title='bbox 1144 2415 1271 2458; x_wconf 84' lang='lat' dir='ltr'><strong>quae</strong></span> <span class='ocrx_word' id='word_1_185' title='bbox 1293 2394 1347 2444; x_wconf 38' lang='lat' dir='ltr'><strong>in*</strong></span> <span class='ocrx_word' id='word_1_186' title='bbox 1380 2416 1448 2446; x_wconf 87' lang='lat' dir='ltr'><strong>me</strong></span> <span class='ocrx_word' id='word_1_187' title='bbox 1487 2404 1621 2448; x_wconf 83' lang='lat' dir='ltr'><strong>multa</strong></span> 
     </span>
     <span class='ocr_line' id='line_1_27' title="bbox 301 2479 1621 2538; baseline 0.007 -18"><span class='ocrx_word' id='word_1_188' title='bbox 301 2486 344 2521; x_wconf 87' lang='lat' dir='ltr'><strong>et</strong></span> <span class='ocrx_word' id='word_1_189' title='bbox 378 2493 526 2537; x_wconf 85' lang='lat' dir='ltr'><strong>magna</strong></span> <span class='ocrx_word' id='word_1_190' title='bbox 563 2479 744 2522; x_wconf 87' lang='lat' dir='ltr'><strong>contulit</strong></span> <span class='ocrx_word' id='word_1_191' title='bbox 785 2480 1220 2538; x_wconf 71' lang='lat' dir='ltr'><strong>reliqua=beneficia,</strong></span> <span class='ocrx_word' id='word_1_192' title='bbox 1265 2497 1348 2526; x_wconf 90' lang='lat' dir='ltr'><strong>non</strong></span> <span class='ocrx_word' id='word_1_193' title='bbox 1390 2482 1517 2528; x_wconf 85' lang='lat' dir='ltr'><strong>huius</strong></span> <span class='ocrx_word' id='word_1_194' title='bbox 1559 2487 1621 2529; x_wconf 83' lang='lat' dir='ltr'><strong>vi-</strong></span> 
     </span>
     <span class='ocr_line' id='line_1_28' title="bbox 300 2557 1622 2619; baseline 0.008 -19"><span class='ocrx_word' id='word_1_195' title='bbox 300 2557 423 2601; x_wconf 89' lang='lat' dir='ltr'><strong>detur</strong></span> <span class='ocrx_word' id='word_1_196' title='bbox 449 2573 535 2602; x_wconf 88' lang='lat' dir='ltr'><strong>esse</strong></span> <span class='ocrx_word' id='word_1_197' title='bbox 574 2558 672 2603; x_wconf 88' lang='lat' dir='ltr'><strong>loci.</strong></span> <span class='ocrx_word' id='word_1_198' title='bbox 737 2560 899 2615; x_wconf 83' lang='lat' dir='ltr'><strong>Quibus</strong></span> <span class='ocrx_word' id='word_1_199' title='bbox 929 2561 1057 2619; x_wconf 80' lang='lat' dir='ltr'><strong>igitur</strong></span> <span class='ocrx_word' id='word_1_200' title='bbox 1084 2562 1313 2606; x_wconf 88' lang='lat' dir='ltr'><strong>instructus</strong></span> <span class='ocrx_word' id='word_1_201' title='bbox 1342 2565 1504 2610; x_wconf 82' lang='lat' dir='ltr'><strong>auxiliis</strong></span> <span class='ocrx_word' id='word_1_202' title='bbox 1524 2599 1536 2619; x_wconf 89' lang='lat'>,</span> <span class='ocrx_word' id='word_1_203' title='bbox 1570 2567 1622 2610; x_wconf 88' lang='lat' dir='ltr'><strong>ad</strong></span> 
     </span>
    </p>
   </div>
   <div class='ocr_carea' id='block_1_3' title="bbox 303 2638 1622 2762">
    <p class='ocr_par' dir='ltr' id='par_1_3' title="bbox 303 2638 1622 2762">
     <span class='ocr_line' id='line_1_29' title="bbox 303 2638 1622 2696; baseline 0.008 -16"><span class='ocrx_word' id='word_1_204' title='bbox 303 2652 452 2682; x_wconf 86' lang='lat' dir='ltr'><strong>novam</strong></span> <span class='ocrx_word' id='word_1_205' title='bbox 496 2638 698 2682; x_wconf 87' lang='lat' dir='ltr'><strong>Heracliti</strong></span> <span class='ocrx_word' id='word_1_206' title='bbox 739 2639 964 2696; x_wconf 88' lang='lat' dir='ltr'><strong>parandam</strong></span> <span class='ocrx_word' id='word_1_207' title='bbox 1019 2641 1247 2686; x_wconf 87' lang='lat' dir='ltr'><strong>editionem</strong></span> <span class='ocrx_word' id='word_1_208' title='bbox 1295 2647 1472 2695; x_wconf 86' lang='lat' dir='ltr'><strong>accessi,</strong></span> <span class='ocrx_word' id='word_1_209' title='bbox 1520 2646 1622 2691; x_wconf 89' lang='lat' dir='ltr'><strong>haec</strong></span> 
     </span>
     <span class='ocr_line' id='line_1_30' title="bbox 303 2726 428 2762; baseline 0.008 -1"><span class='ocrx_word' id='word_1_210' title='bbox 303 2726 428 2762; x_wconf 72' lang='lat' dir='ltr'><strong>suntt</strong></span> 
     </span>
    </p>
   </div>
   <div class='ocr_carea' id='block_1_4' title="bbox 363 2796 1626 2861">
    <p class='ocr_par' dir='ltr' id='par_1_4' title="bbox 363 2796 1626 2861">
     <span class='ocr_line' id='line_1_31' title="bbox 363 2796 1626 2861; baseline 0.008 -18"><span class='ocrx_word' id='word_1_211' title='bbox 363 2800 401 2844; x_wconf 80' lang='lat'><strong>1.</strong></span> <span class='ocrx_word' id='word_1_212' title='bbox 451 2796 589 2843; x_wconf 83' lang='lat' dir='ltr'><strong>Codex</strong></span> <span class='ocrx_word' id='word_1_213' title='bbox 635 2801 859 2845; x_wconf 83' lang='lat' dir='ltr'><strong>Vaticanus</strong></span> <span class='ocrx_word' id='word_1_214' title='bbox 900 2805 983 2848; x_wconf 86' lang='lat'><strong>305</strong></span> <span class='ocrx_word' id='word_1_215' title='bbox 1031 2805 1101 2861; x_wconf 75' lang='lat' dir='ltr'><strong>(V,</strong></span> <span class='ocrx_word' id='word_1_216' title='bbox 1137 2805 1307 2851; x_wconf 86' lang='lat' dir='ltr'><strong>Notices</strong></span> <span class='ocrx_word' id='word_1_217' title='bbox 1357 2817 1398 2851; x_wconf 88' lang='lat' dir='ltr'><strong>et</strong></span> <span class='ocrx_word' id='word_1_218' title='bbox 1442 2808 1626 2853; x_wconf 81' lang='lat' dir='ltr'><strong>Extraits</strong></span> 
     </span>
    </p>
   </div>
  </div>
 </body>
</html>
