1734 3386
846 352 1063 379 ——X-ffl-

293 476 331 516 in
374 470 519 515 Schol.
560 469 612 512 ad
656 469 752 513 Hes.
794 467 952 526 Theog.
988 466 1068 508 116
1106 463 1312 508 excitatur
1349 459 1615 505 Heraclitus:

283 551 405 596 ἄλλοι
441 552 517 606 μὲν
557 548 693 600 ἄλλως
731 550 814 592 τῶν
857 548 1042 602 φυσικῶν
1087 542 1253 598 ἀνδρῶν
1284 542 1378 598 περὶ
1421 544 1492 594 τῆς
1532 540 1616 582 τῶν

284 632 417 681 ὄντων
456 626 647 681 γενέσεως
690 624 1003 680 φυσιολογοῦσιν
1022 653 1032 672 ,
1076 624 1102 664 ό
1143 621 1220 677 μὲν
1264 621 1310 662 τὸ
1358 621 1439 673 πῦρ
1482 617 1617 666 τιθεὶς

282 704 674 762 πρεσβυγενὲστερον
703 705 788 748 τῶν
811 701 951 745 ἄλλων
971 730 984 753 ,
1014 701 1156 747 ὁποῖος
1186 694 1486 763 ‘Herm-mog,
1518 696 1542 738 o‘
1571 692 1615 737 δὲ

285 785 361 836 τὴν
389 786 495 836 γῆν,
531 783 586 830 ὥς
609 779 783 824 Ἵππων
814 781 839 822 ὁ
863 782 994 828 ἄθεος
1026 779 1139 825 πεῖ,
1171 789 1266 818 eum
1301 771 1613 832 Allegoriarum

282 862 532 918 scriptorem
566 856 890 916 intelligendum
928 871 1016 899 esse
1047 856 1156 899 miro
1200 869 1342 899 errore
1388 853 1615 902 arbitratus

284 950 344 993 est
369 939 447 984 Th.
476 918 719 983 Caisfordus
752 938 825 994 (V.
854 936 952 982 Iud.
977 936 1106 980 Nom.
1137 935 1187 979 ad
1214 934 1373 985 Schol„
1397 932 1618 992 Theogon-

284 1023 323 1064 i.-
343 1037 381 1069 v,
415 1017 652 1063 Heraclitus
672 1050 683 1069 ,
717 1018 838 1062 Poet.
867 1017 943 1062 Gr.
975 1017 1080 1062 Min.
1107 1017 1229 1061 Tom.
1257 1016 1352 1067 111,
1390 1030 1436 1073 p.
1461 1013 1609 1069 536).¹

344 1098 524 1145 Reddita
557 1086 639 1142 iarn
665 1098 829 1141 ratione
857 1106 1083 1158 apparatus
1111 1097 1278 1149 critici,
1312 1111 1399 1156 quo
1429 1095 1472 1138 in
1500 1101 1616 1150 textu

284 1178 581 1224 constituendo
612 1194 703 1222 sum
736 1193 864 1231 usus,
895 1164 1116 1238 praefandi
1147 1178 1281 1237 prob'e
1317 1177 1449 1220 finem
1478 1176 1617 1220 facere

284 1275 474 1320 possem,
507 1260 587 1303 nisi
618 1267 754 1302 essent
781 1259 987 1303 nonnulla
1018 1258 1266 1319 corrigenda
1294 1245 1369 1305 vel*
1391 1255 1584 1302 addenda
1603 1289 1615 1309 ,

286 1356 392 1400 quae
419 1341 556 1412 aptius
593 1340 774 1386 arbitror
804 1355 828 1383 a
850 1355 927 1383 me
956 1340 1047 1400 ipso
1079 1341 1163 1383 iam
1193 1338 1351 1397 corrigi
1383 1337 1449 1382 vel
1483 1336 1615 1392 addi,

285 1436 409 1480 quam
438 1421 491 1464 ab
520 1421 638 1472 aliis,
671 1422 744 1479 qui
774 1421 884 1475 forte
913 1430 1055 1480 postea
1085 1419 1250 1479 publici
1278 1410 1415 1463 libelli
1441 1419 1618 1463 existent

282 1501 460 1547 iudices.

341 1582 466 1640 Pag.
490 1584 532 1626 2.
578 1580 770 1626 osannus
792 1581 846 1624 ad
878 1581 1056 1626 Cornut.
1091 1597 1135 1641 p.
1159 1583 1215 1625 20
1247 1595 1327 1641 pro
1355 1583 1616 1637 {vesanoru-

282 1660 480 1717 νωμένοις
507 1660 591 1720 legi
637 1660 756 1705 iubet
785 1661 1258 1717 ἔνεσπαργανωμένους,
1298 1660 1499 1719 quoniam
1531 1672 1614 1702 non

256 1738 535 1808 ‘intelligeret
554 1754 683 1799 ,quo
711 1746 838 1796 pacto
865 1746 981 1782 recte
1010 1738 1098 1782 dici
1129 1746 1271 1798 posset
1300 1739 1499 1796 ἐπάρδειν
1528 1738 1616 1782 τινί

281 1837 378 1868 τινι.
439 1819 523 1864 Sed
560 1835 646 1864 non
687 1828 749 1865 est
789 1818 875 1863 hoe
917 1818 1012 1862 loco
1052 1819 1250 1877 ἐπάρδειν
1285 1819 1373 1863 τινί
1404 1822 1614 1879 τινι,,οεῑ

272 1893 481 1955 ἐπάρδειν.
519 1901 604 1944 τινί
633 1901 676 1943 τί
702 1917 813 1951 τινι,
847 1908 910 1944 est
941 1898 1138 1958 ἐπάρδειν
1176 1895 1616 1954 ἐνεσπαργανωμένρις

282 1980 367 2025 τοῖς
406 1976 528 2018 παισὶ
574 1977 650 2026 τὰς
684 1979 826 2033 ψυχὰς
870 1977 1050 2030 γάλακτι
1066 1959 1093 2026 ,²
1122 1964 1240 2035 ι(Ῑιιοιὶ
1284 1989 1410 2033 quam
1454 1973 1613 2034 optime

284 2052 439 2097 Graece
469 2062 512 2097 et
545 2052 632 2096 dici
663 2061 803 2112 potest
829 2063 870 2098 et
899 2055 1051 2114 scribi,

340 2133 464 2193 Pag.
492 2137 534 2178 3.
583 2134 668 2194 Ubi
707 2134 902 2179 codicum
952 2136 1144 2180 vitiosam
1186 2135 1413 2179 lectionem
1454 2135 1615 2185 παντὸς

280 2217 536 2266 ἁγνεύουσαν
575 2214 692 2259 λιΙσιν
735 2214 779 2258 in
810 2220 976 2267 πάντως
1014 2221 1112 2270 ἁγν.
1157 2215 1286 2272 λύμης
1315 2224 1576 2259 mutaveram
1600 2247 1610 2264 ‚

283 2290 579 2343 Badhamius,'
601 2294 643 2336 in
687 2295 821 2353 praef.
849 2295 900 2338 ad
932 2295 1128 2355 Euripid.
1170 2296 1369 2356 Iphigen.
1407 2296 1533 2343 Taur.
1570 2303 1612 2337 et

284 2370 484 2415 Helenam
517 2387 612 2431 pag.
643 2376 724 2427 18,
759 2375 801 2418 in
830 2391 912 2435 qua
937 2375 1320 2436 pulcherrimarum
1347 2373 1610 2419 emendatio·

281 2465 380 2493 num
407 2451 678 2496 corollarium
719 2455 970 2514 proposuit,
1004 2455 1155 2499 melius
1189 2464 1235 2500 ut
1278 2454 1474 2522 videtur,
1508 2469 1610 2498 con-

278 2532 377 2575 iecit
399 2519 619 2590 legendum
646 2549 733 2579 esse
761 2538 920 2586 παντὸς
943 2539 1203 2588 oiyvatovooev
1230 2540 1396 2592 μύσους.
1442 2551 1469 2577 »
1480 2535 1605 2582 Idem

279 2611 517 2655 Heraclitus
563 2615 693 2657 »ait’
761 2613 864 2656 alibi
904 2609 1065 2663 παντὸς
1100 2618 1360 2669 ἁγνεύουσαν
1398 2616 1607 2672 ὀλυμπίαν

275 2693 436 2759 μύσους.
488 2691 724 2736 obliterata
753 2693 910 2751 syllaba
943 2709 1040 2743 ους.
1070 2697 1149 2744 mlo
1179 2694 1220 2737 in
1250 2692 1366 2739 λύσιν
1398 2695 1452 2737 ob
1484 2675 1606 2755 prae-

274 2771 488 2816 cedentem
526 2776 781 2826 ἁγνειίουσαν
811 2783 1020 2819 mutatum
1051 2779 1161 2820 est.'’
