1676 3334
771 319 993 365 -6—

228 452 515 508 προπέμπων,
547 449 706 498 λευκοῖς
729 449 851 504 ἐρίοις
878 445 1200 501 ἀνεστεμμένον.
1236 448 1306 489 καὶ
1334 444 1558 489 πολυτελεῖ

226 532 339 584 μύρῳ
377 533 453 583 τὴν
482 526 666 583 κεφαλὴν
709 524 943 581 διάβροχον.
973 522 1063 566 οὐδ’
1097 523 1350 578 Ἐπικούρου
1382 524 1555 578 φροντὶς

226 610 351 660 ἡμῖν,
382 608 426 655 ὃς
449 610 520 659 τῆς
544 604 579 658 ¹)
611 602 792 658 οἷσέμνου
816 602 909 656 περὶ
934 601 1029 648 τούς
1059 598 1190 649 ἰδίους
1217 605 1375 654 κήπους
1399 597 1552 654 ἡδονῆς

225 686 401 738 γεωργός
426 685 560 732 ἐστιν,
591 683 764 724 ἅπασαν
785 681 883 733 ὁμοῦ
909 679 1132 732 ποιητικὴν
1148 707 1159 727 ,
1191 676 1328 732 ὥσπερ
1353 676 1554 733 ὀλέθριον

225 764 373 815 μύθων
397 759 434 811 2)
466 757 612 812 δέλεαρ
638 758 946 811 ἀφοσιούμενος.
970 757 1074 811 πρὸς
1093 756 1164 805 οὓς
1182 754 1292 811 μέγα
1315 754 1366 811 δή
1396 771 1438 798 τι
1459 771 1553 798 στε·

224 837 354 887 νάξας
375 837 409 885 3)
425 866 436 886 ,
468 833 621 888 εἴποιμ’
642 835 728 876 ἄν·
786 839 789 850 “
837 827 843 835 ”

281 920 344 974 ³52
371 933 526 980 πόποι,
556 928 647 972 οἷον
680 927 730 982 δή
759 943 813 972 νυ
839 927 964 977 θεοὺς
990 928 1129 984 βροτοὶ
1157 929 1398 972 αἰτιόωνται
1420 925 1472 980 ⁶).

226 1027 314 1071 Καὶ
339 1027 385 1069 τὸ
418 1027 697 1081 πικρότατον.
741 1025 873 1081 ἀρχὴν
910 1027 1092 1076 ἑκάτεροι
1130 1008 1216 1068 τῶν
1253 1025 1354 1081 παρ’
1385 1027 1552 1075 ἑαυτοῖς

223 1103 437 1157 δογμάτων
463 1102 626 1158 ἔχοντες
654 1099 839 1157 εΌμηρον
855 1131 868 1151 ,
901 1101 972 1155 ἀφ’
1002 1095 1051 1144 οὗ
1079 1104 1134 1144 τὰ
1158 1100 1334 1144 πλεῖστα
1358 1106 1432 1156 τῆς
1454 1103 1551 1145 ἐπι·

223 1185 374 1235 στήμης
412 1178 677 1236 ὠφέληνται,
720 1180 816 1233 περὶ
853 1183 1000 1222 τοῦτον
1041 1179 1268 1236 ἀχαρίστως
1309 1181 1414 1224 εἰσιν
1453 1181 1552 1222 οἶσε-

224 1260 327 1315 βεῒς.
349 1259 384 1306 4)
413 1255 508 1299 ἀλλ’
536 1258 641 1312 ὑπὲρ
675 1258 752 1312 μὲν
779 1256 1036 1312 Ἐπικούρου
1066 1257 1138 1299 καὶ
1164 1255 1395 1309 Πλάτωνος
1420 1253 1551 1308 αὖθις

224 1335 386 1386 ἐξέσται
413 1332 565 1388 λέγειν.

711 1410 957 1456 CAPUT
1004 1411 1059 1457 V.

279 1512 400 1556 Νυνὶ
435 1511 475 1554 δ’
500 1512 733 1565 α’ναγκαῒον
760 1511 857 1561 ἴσως
882 1513 1008 1566 μικρὰ
1040 1513 1112 1554 καὶ
1145 1514 1328 1567 σύντομα
1354 1513 1449 1569 περὶ
1475 1515 1550 1568 τῆς

220 1586 471 1643 ἀλληγορίας
489 1588 796 1645 τεχνολογῆσαι.
825 1588 971 1644 σχεδὸν
997 1590 1077 1643 γὰρ
1102 1590 1205 1632 αὐτὸ
1231 1593 1442 1645 τοῦνομα,
1473 1591 1548 1632 καὶ

219 1664 317 1708 λίαν
342 1667 495 1720 ἐτύμως
519 1665 760 1720 εἰρημένον.
794 1664 951 1722 ἐλέγχει
975 1667 1053 1719 τὴν
1083 1663 1263 1720 δύναμιν
1294 1666 1438 1731 αὐτῆς.
1495 1666 1548 1710 ‘O

218 1745 297 1798 γάρ
330 1741 443 1784 ἄλλα
482 1743 560 1796 μὲν
596 1742 803 1797 ἀγορεύων
838 1746 1014 1798 τρόπος,
1045 1741 1167 1798 ἕτερα
1206 1742 1277 1793 δὲ,
1309 1734 1372 1787 ὧν
1405 1742 1545 1797 λέγει,

217 1820 442 1875 σημαίνων,
465 1820 686 1873 ἐπωνύμως
696 1817 926 1875 ἀλληγορία
941 1817 1132 1862 καλεῖται
1152 1823 1204 1873 5)·
1222 1823 1418 1876 καθάπερ
1432 1819 1546 1876 Ἀρ-

216 1896 379 1953 χίλοχος
396 1895 432 1944 6)
461 1898 539 1950 μὲν
582 1899 629 1939 ἐν
657 1900 743 1945 τοῖς
784 1897 1006 1951 Θρακικοῒς
1043 1895 1350 1952 ἀπειλημμένος
1393 1896 1547 1950 δεινοῖς

218 1975 292 2016 τὸν
317 1972 497 2026 πόλεμον
526 1974 675 2023 εἰκάζει
702 1972 922 2028 θαλαττίῳ
938 1971 1117 2017 κλύδωνι
1134 2004 1145 2023 ,
1179 1971 1312 2026 λέγων
1329 1964 1414 2017 ὧδέ
1430 1986 1546 2026 πως·

266 2089 298 2135 ¹)
324 2090 379 2123 lta
400 2099 482 2122 cum
504 2086 579 2122 Gal.
597 2088 664 2123 MS.
685 2087 787 2136 Angl.
803 2086 904 2124 Codd.
926 2089 967 2125 A.
982 2094 1018 2125 et
1041 2091 1078 2125 B.
1127 2088 1241 2138 Vulgo
1268 2089 1394 2132 ὅστις.

264 2159 297 2206 ·)
322 2159 412 2193 Fort-
437 2156 502 2193 del.
520 2158 675 2205 μύθων.

261 2227 296 2274 ³)
320 2226 398 2262 eod.
411 2228 447 2262 B.
468 2226 564 2277 μέγα
586 2226 850 2270 &nuaram-5025.

263 2296 297 2343 4)
321 2298 414 2333 Fort.
431 2295 638 2347 ἀχάριστοί
655 2300 758 2336 εἰσιν
773 2297 935 2347 ἀσεβῶς.

263 2365 296 2412 ⁵)
321 2364 369 2401 cf.
395 2367 522 2403 Arnob.
547 2371 587 2405 V.
612 2371 681 2404 32:
705 2369 762 2405 Sic
785 2375 821 2405 et
845 2375 965 2419 raptus
987 2366 1117 2405 Cereris
1139 2366 1236 2405 aliud
1259 2366 1413 2414 dicitur,
1445 2367 1544 2407 aliud

211 2432 446 2481 significatur,
471 2441 508 2471 ct
530 2434 596 2472 sub
617 2437 751 2486 vulgari
771 2437 994 2488 simplicitate
1016 2436 1180 2474 sermonis
1199 2436 1286 2474 latet
1305 2438 1394 2474 ratio
1414 2444 1546 2476 secreta

211 2507 248 2537 et
271 2500 405 2538 alitudo
424 2502 582 2541 involuta
607 2506 777 2555 mysterii.

260 2573 292 2617 6)
318 2572 479 2620 Proposui
507 2572 565 2609 hos
590 2574 784 2611 Archilochi
815 2582 851 2611 et
873 2582 1052 2626 sequentes
1073 2575 1188 2612 Alcaei
1209 2587 1340 2619 versus,
1371 2575 1543 2626 quomodo

208 2639 293 2676 editi
321 2646 357 2676 et
385 2641 558 2678 emendati
581 2642 751 2693 leguntur
773 2644 811 2680 in
836 2645 973 2694 Bergkii
995 2645 1102 2695 poetis
1122 2644 1270 2695 Lyricis,
1303 2645 1459 2682 lectionis
1486 2659 1541 2685 va·

207 2708 332 2745 rictate
350 2709 499 2746 breviter
517 2719 691 2753 annotata.
718 2712 768 2751 Cf.
780 2713 955 2754 Plutarch.
980 2714 1014 2752 d.
1036 2717 1189 2765 Superst.
1213 2728 1242 2753 c.
1259 2717 1299 2762 83
1318 2715 1484 2769 Theophr.
1503 2716 1540 2754 d.

256 2778 293 2826 ὁ)
318 2778 380 2816 od.
406 2783 452 2818 A.
479 2794 509 2820 v.
522 2784 582 2820 32.
