1676 3334
728 339 1013 387 —124—

208 480 327 531 μάχῳ
370 471 566 528 λογισμὸν
602 469 639 528 ¹)
685 471 892 528 Ἀθηνᾶς
935 461 1185 525 ἐπιφάνειαν
1233 455 1512 528 ἡλληγόρηῦεν
1531 476 1578 514 .’

210 553 461 607 ὁμοιωθεῖσα
490 550 571 605 γὰρ
594 549 635 606 2)
663 547 828 604 γέροντι
855 550 971 602 ἥκει·
1002 546 1184 598 παλαιὸς
1209 551 1311 601 γοῦν
1334 547 1372 605 3)
1403 547 1549 604 όμολο·

213 634 349 684 yzit-on
388 626 509 678 ξένος
547 624 778 675 Ὀδυσσέως
813 627 836 668 o‘
862 624 1040 681 Μέντης
1079 623 1204 670 εἶναι.
1234 625 1363 670 πολιὰ
1401 626 1447 670 δέ
1477 627 1551 669 καὶ

210 710 363 762 γῆρας,
409 705 510 760 ἱεροὶ
550 705 635 748 τῶν
674 701 924 747 τελευταίων
954 705 1110 759 χρόνων
1144 701 1308 758 λιμένες
1326 731 1340 755 ,
1369 701 1554 759 ἀσφαλὲς

212 784 460 839 ἀνθρώποις
486 783 664 838 ὅρμισμα
681 809 693 830 ,
725 781 798 822 καὶ
826 781 924 823 ὅσον
950 785 976 834 ἠ
1000 783 1073 823 τοῦ
1096 782 1285 836 σώματος
1311 781 1426 838 ἶσχύς
1446 782 1553 825 ὕπο·

213 863 385 916 φθίνει,
416 862 613 904 τοσοῦτον
641 862 669 912 ἡ
691 860 764 911 τῆς
793 855 986 917 διανοίας
1018 857 1189 908 αὔξεται
1212 859 1350 914 ῥῶσις.

629 1012 872 1058 CAPUT
920 1011 1059 1055 LXII.

287 1174 425 1223 ’Ἰδιος
461 1172 606 1216 τοίνυν
647 1168 939 1228 παρεισελθὼν
976 1173 1000 1213 ό
1043 1172 1139 1220 νοῦς
1181 1169 1445 1221 ἐξεπαίδευσε
1479 1172 1555 1216 τόν

212 1253 467 1309 Τηλέμαχον
485 1279 498 1301 ‚
529 1251 578 1294 οὐ
617 1252 699 1292 θεὰ
729 1247 1094 1305 παρακαθημένη,
1137 1249 1210 1291 καὶ
1238 1236 1363 1293 ταῦθ’
1390 1251 1422 1292 ἃ
1445 1247 1561 1303 λέγει

214 1331 481 1385 παραινοῦσα
507 1325 854 1376 διαπεττεϋοντος
874 1323 915 1381 4)
933 1338 946 1352 ·
976 1328 1054 1379 ἆγε
1079 1324 1156 1379 δή,
1186 1327 1339 1382 φησὶν,
1365 1322 1400 1370 ὦ
1421 1324 1558 1383 Tqu-

214 1423 345 1463 μαχε,
377 1404 594 1461 μειρακίου
618 1405 698 1459 γὰρ
730 1402 812 1459 ἤδη
842 1402 882 1449 τὶ
915 1407 1078 1459 φρονεῖς
1104 1401 1262 1447 πλέον·

262 1614 293 1659 ¹)
318 1613 358 1647 D.
378 1615 490 1657 νοῦν.

263 1684 296 1730 2)
320 1683 360 1718 D.
382 1684 485 1732 γοῦν.

261 1753 294 1799 5)
319 1754 360 1788 D.
380 1752 466 1804 γάρ.

260 1823 295 1869 4)
322 1824 419 1858 Iusto
443 1821 584 1858 fortasse
610 1826 663 1856 est
687 1819 852 1857 audacius
865 1847 877 1866 ‚
913 1820 1006 1870 quod
1031 1832 1145 1857 meam
1171 1820 1325 1870 corrupti
1349 1819 1414 1857 loci
1438 1832 1560 1858 recen-

212 1892 343 1927 sionem
366 1891 404 1927 in
421 1896 560 1927 textum
573 1890 693 1940 recepi.
743 1889 808 1926 Sed
821 1903 891 1940 quo
907 1890 1098 1926 contortius
1121 1895 1226 1940 atque
1238 1888 1410 1927 infelicius
1426 1903 1560 1928 unum-

213 1961 374 2011 quodque
395 1968 446 1997 est
467 1967 574 2010 atque
594 1959 698 1996 debet
724 1972 795 1995 esse
814 1960 878 1997 loci
892 1987 903 2006 ‚
926 1960 1098 2010 quomodo
1122 1960 1226 2009 vulgo
1244 1959 1428 2006 edebatur,
1451 1961 1558 2011 expli·

168 2061 171 2065 ,
212 2029 315 2067 candi
338 2042 524 2075 conamen,
550 2041 589 2065 eo
622 2027 854 2064 confidentius
883 2041 997 2065 meam
1021 2029 1255 2064 coniecturam
1280 2028 1438 2078 proposui
1451 2056 1463 2075 ‚
1488 2037 1559 2080 qua

213 2101 372 2151 scriptori
396 2099 605 2137 sententiam
618 2111 718 2134 suam
731 2098 903 2147 propriam
917 2110 988 2134 esse
999 2098 1199 2134 restitutam
1210 2125 1221 2144 ,
1243 2097 1332 2133 mibi
1350 2104 1402 2134 est
1412 2111 1559 2148 persua-

213 2184 304 2207 sum.
342 2169 535 2214 Schowius‚
555 2168 668 2218 quiid
689 2166 777 2203 bene
799 2167 908 2213 vidit,
929 2168 1023 2218 quod
1047 2167 1191 2204 disiecta
1211 2174 1317 2218 atque
1339 2175 1497 2217 separata
1519 2169 1558 2205 in

216 2241 258 2276 iis
284 2240 345 2290 qui
379 2238 529 2275 adhibiti
552 2243 653 2273 ¹erant
678 2236 851 2273 codicibus
880 2239 976 2284 (vera
1002 2237 1106 2273 lectio
1136 2243 1188 2273 est
1208 2238 1246 2273 in
1279 2243 1427 2288 utroque
1445 2236 1559 2275 codice

213 2309 396 2356 vaticano)
424 2307 491 2344 διὰ
505 2307 759 2348 πεττεύονῐος
782 2305 948 2343 vocabula
961 2307 999 2342 in
1011 2320 1126 2343 unum
1138 2307 1336 2352 coniunxit,
1349 2307 1558 2344 sententiam

213 2379 266 2414 ita
278 2377 516 2414 arbitrabatur
530 2390 598 2413 esse
611 2377 874 2426 disponendam:
906 2380 994 2414 τίνα
1008 2380 1138 2415 τοίνυν
1150 2375 1420 2426 παρεισελθὼν
1432 2376 1455 2414 ὁ
1466 2381 1557 2421 νοῦς

215 2447 459 2488 ἐξεπαίδευσε
493 2448 559 2485 τὸν
596 2447 840 2496 Τηλέμαχον;
884 2449 930 2485 οὐ
966 2451 1066 2490 θεᾶς
1104 2448 1448 2498 παρακαθημένης,
1489 2452 1555 2487 καὶ

216 2522 361 2564 ταῦτα,
398 2519 424 2554 ἃ
447 2518 572 2569 λέγει,
615 2520 894 2568 παραινούσης,
935 2518 1253 2560 διαπετιεύοντος
1281 2518 1430 2556 αὐτοῦ·
1468 2519 1554 2557 ἀλλ’

220 2590 286 2641 ἄγε
309 2589 381 2637 δή,
406 2603 525 2637 φησιν
538 2617 549 2635 ‚
572 2582 600 2625 ὦ
628 2588 825 2637 Τηλέμαχε
844 2588 924 2625 urb.
976 2592 1018 2624 In
1039 2589 1167 2639 quibus
1181 2615 1191 2634 ‚
1217 2588 1309 2638 quod
1327 2589 1363 2625 in
1382 2589 1484 2627 Codd.
1503 2597 1556 2627 est

216 2662 283 2699 διὰ
315 2662 586 2702 πεττεύοντος·
621 2659 687 2710 ἄγε
719 2659 767 2705 δή
793 2658 829 2694 in
857 2659 1175 2702 διαπεττεύοντος
1196 2659 1322 2697 αὐτοῦ
1339 2673 1348 2683 ·
1375 2662 1458 2698 αλλ’
1485 2660 1552 2712 ἄγε

214 2733 262 2780 δή
287 2732 462 2777 mutavit,
489 2730 532 2766 de
558 2730 700 2780 reliquis
725 2711 889 2776 securu53
921 2743 1009 2780 quae
1029 2728 1111 2767 'vere
1138 2744 1418 2782 unamquamque
1437 2744 1554 2781 respu-

215 2811 278 2840 unt
294 2815 419 2840 -sanam
448 2800 766 2851 interpretationem
