1858 3458
626 850 953 907 PRAEFATw.

179 1166 303 1225 Quod
335 1165 538 1225 suspicati
565 1173 686 1211 erant
718 1164 942 1211 Conradus
970 1165 1184 1210 Gesnerus
1214 1172 1256 1209 et
1287 1164 1470 1210 Thomas

118 1247 274 1294 Galeus
295 1281 308 1301 ‚
343 1246 553 1291 Heracliti
583 1245 743 1291 librum
773 1246 827 1292 de
851 1247 1082 1308 Allegoriis
1113 1247 1354 1292 Homericis
1383 1248 1470 1291 istis

117 1330 242 1375 libris
269 1328 571 1389 manuscriptis
592 1361 603 1381 ,
636 1328 796 1388 quibus
814 1329 917 1390 ipsis
948 1330 1012 1373 uti
1041 1329 1255 1383 licuerat,
1290 1345 1376 1374 non
1407 1330 1471 1374 in-

119 1422 287 1474 tegrum
314 1411 529 1456 contineri
551 1443 564 1464 ‚
598 1412 803 1470 quoniam
829 1411 944 1471 apud
973 1411 1247 1456 Eustathium
1277 1412 1357 1455 sub
1387 1413 1472 1457 He-

119 1493 262 1538 racliti
308 1492 483 1537 nomine
535 1491 742 1536 nonnulla
785 1501 1239 1554 repraesentarentur,
1289 1482 1472 1554 quorufii

119 1575 289 1621 nullum
329 1574 385 1619 inr
415 1588 545 1634 opere
575 1573 820 1618 Heracliteo
859 1565 1022 1619 adesset
1052 1575 1304 1635 vestigium:
1341 1574 1383 1618 id
1419 1574 1474 1618 si·

120 1657 346 1715 mutatque
388 1654 518 1699 huius
550 1655 710 1699 saeculi
748 1656 876 1700 initio
914 1655 1204 1701 bibliothecae
1246 1657 1474 1701 Vaticanae

119 1737 314 1794 κειμήλια
346 1736 526 1780 Parisias
556 1736 876 1796 migraverant,
909 1751 994 1780 non
1024 1737 1209 1796 amplius
1240 1737 1476 1781 coniicien-

122 1815 178 1861 do
206 1831 316 1876 opus
344 1825 436 1860 erat
476 1816 713 1875 colligere,
749 1832 884 1876 quum
923 1826 1061 1862 essent
1103 1818 1215 1862 inter
1249 1819 1349 1862 istos
1390 1802 1476 1863 Co-

122 1897 237 1941 dices
284 1895 546 1951 Vaticanus,
597 1897 756 1957 quibus
809 1898 1037 1943 manifesto
1078 1898 1475 1951 demonstraretur,

123 1994 251 2039 quem
282 1986 401 2023 recte
440 1986 571 2038 atque
604 1987 730 2024 acute
762 1979 843 2023 viri
884 1981 955 2024 isti
995 1979 1269 2030 iudicassent.
1334 1981 1477 2037 Quum

122 2061 238 2106 enim
271 2060 316 2103 in
349 2059 493 2120 operis
526 2059 649 2104 istius
669 2092 682 2112 ,
716 2060 833 2119 quod
869 2060 1124 2121 inscriptum
1163 2070 1226 2106 est
1259 2061 1480 2126 »Notices

122 2151 165 2188 et
194 2143 380 2191 Extraits
413 2141 467 2186 de
504 2141 544 2184 la
574 2140 880 2202 bibliotheque
925 2143 1151 2203 imperiale
1169 2144 1218 2197 „”
1265 2143 1482 2187 volumine

125 2224 250 2270 vm.
300 2239 398 2284 pag.
428 2226 515 2268 238
555 2223 720 2268 mentio
758 2224 871 2268 facta
907 2233 1031 2271 esset,
1056 2224 1239 2268 duorum
1281 2214 1479 2268 codicuin

121 2305 428 2349 vaticanorum
451 2338 462 2357 ,
507 2307 595 2353 305
630 2312 673 2349 et
706 2307 825 2358 871,
871 2306 947 2365 qui
989 2305 1199 2349 Heracliti
1241 2304 1479 2364 Allegorias

121 2387 400 2439 Homericas,
436 2395 569 2447 atque
601 2387 642 2431 in
685 2387 735 2430 iis
751 2387 910 2430 '‘multa
950 2387 1253 2440 continerent,
1287 2402 1397 2447 quae
1437 2388 1480 2431 in

123 2469 339 2529 impressis
371 2468 500 2513 h'uius
532 2467 637 2512 libri
678 2467 943 2513 editionibus
976 2448 1351 2520 desiderarentur,¹
1382 2484 1479 2512 mox

123 2563 172 2596 ex
205 2549 287 2603 iis,
322 2565 432 2610 quae
463 2550 629 2594 Bastius
668 2550 712 2594 in
752 2548 1105 2593 annotationibus
1141 2548 1193 2592 ad
1228 2542 1478 2609 Gregorium

125 2628 402 2675 Corinthium
434 2630 659 2676 Schaeferi
690 2639 734 2676 et
766 2632 809 2675 in
841 2630 1035 2691 Epistola
1075 2631 1225 2675 critica
1264 2631 1313 2675 ad
1358 2632 1479 2675 Bois-

128 2710 334 2756 sonadum
356 2746 368 2766 ,
401 2721 444 2757 et
478 2712 528 2758 C.
547 2712 598 2758 Β.
619 2712 774 2757 Hasius
803 2713 846 2757 in
876 2712 1094 2758 Bredowii
1126 2713 1329 2772 Epistolis
1360 2714 1479 2757 Pari-

106 2792 337 2842 ,siensibus
368 2808 417 2837 ex
438 2793 489 2836 iis
519 2793 745 2838 codicibus
766 2827 777 2847 ,
815 2795 1047 2854 praecipue
1075 2810 1099 2838 e
1130 2794 1301 2854 priore,
1334 2793 1478 2853 publi-

68 2889 71 2891 ·
131 2875 170 2918 ci
211 2875 316 2918 iuris
357 2874 578 2926 fecerant,
628 2875 826 2919 omnibus
872 2875 1142 2919 manifestum
1186 2884 1247 2918 est
1282 2874 1440 2917 factum
1465 2907 1475 2924 ‚
