1676 3334
796 363 1050 408 „26—

275 502 381 546 οῧτω
410 497 540 551 λέγων
555 508 566 521 ·
598 502 629 551 ¹)
659 495 763 539 Ἐπὶ
783 494 821 550 2)
853 493 897 536 δὲ
921 493 1005 536 τῶν
1021 490 1183 535 κύκλων
1204 490 1244 546 3)
1273 491 1401 536 αὐτοῦ
1426 488 1597 538 ἄνώθεν

276 579 337 632 ἐφ’
370 580 543 620 ἑκάστου
573 571 797 630 βεβηκέναι
831 574 1018 625 Σειρῆνα
1047 570 1476 627 συμπεριφερομένην·
1509 586 1598 625 w·-

273 657 353 709 νὴν
376 655 475 709 μίαν
501 654 631 695 ἱεῖσαν
654 652 879 693 οἷνάτονον.
903 646 942 702 4)
975 649 1020 690 ἐκ
1041 646 1081 700 5)
1112 649 1258 691 πασῶν
1272 647 1312 690 δ’
1327 647 1438 691 ὀκτὼ
1463 649 1600 693 οὐσῶν

271 732 374 787 μίαν
407 729 609 785 ἁρμονίαν
645 727 888 780 ξυμφωνεῒν.
911 722 950 779 6)
982 723 1156 778 Ὁμοίως
1181 724 1226 768 δὲ
1254 727 1326 768 καὶ
1349 727 1374 769 o‘
1402 725 1598 780 Ἐφέσιος

274 805 559 859 Ἀλέξανδρος
580 804 648 856 7),
681 800 923 851 ἐπεξελθὼν
935 801 1049 850 ὅπως
1074 803 1181 844 κατὰ
1195 803 1314 853 τάξιν
1334 804 1378 845 οἱ
1387 801 1599 858 πλάνητες

268 883 438 938 >οἷστέρες
467 881 705 932 ὁδεύουσιν,
735 880 882 930 ἐπάγει
918 878 1013 933 περὶ
1043 881 1131 922 τῶν
1162 881 1336 923 ἑκάστου
1365 882 1596 936 φθόγγων·

318 1137 349 1182 ¹)
373 1132 477 1170 Subit
502 1132 645 1178 mirari,
683 1130 775 1182 quod
810 1130 955 1168 editores
968 1157 980 1177 ‚
1004 1131 1113 1168 multi
1138 1130 1177 1168 in
1200 1132 1359 1181 dogmate
1394 1130 1461 1168 isto
1485 1131 1598 1185 Ρὶαῒρι·

269 1204 345 1240 nico
367 1202 575 1252 exponendo,
601 1204 636 1236 et
660 1200 811 1237 Platonis
831 1200 948 1237 locum
968 1213 987 1237 e
1012 1201 1152 1238 Timaeo
1169 1194 1392 1251 produxerint
1413 1202 1462 1250 (p.
1476 1203 1534 1238 36.
1548 1199 1597 1250 D)
1634 1246 1637 1248 μ

271 1279 307 1310 et
330 1273 512 1322 Diogenem
535 1271 708 1308 Laertium
733 1271 812 1317 (ΙΙΙ.
827 1273 894 1316 683
918 1283 995 1320 pag.
1009 1273 1075 1316 83,
1103 1273 1149 1307 49
1175 1269 1228 1308 ed.
1253 1269 1350 1318 Cob.)
1375 1270 1599 1307 excitaverint

268 1342 354 1392 quin
379 1340 459 1377 adeo
484 1340 673 1376 Marsilium
709 1339 866 1375 Ficinum
892 1339 930 1375 in
962 1339 1134 1376 auxilium
1159 1341 1352 1376 vocaverint
1387 1340 1598 1390 subobscuro

268 1411 340 1447 loco
364 1409 593 1454 illustrando,
619 1421 681 1445 nec
701 1414 820 1445 tamen
838 1409 927 1458 ipsa,
952 1422 1040 1459 quae
1062 1409 1105 1446 ab
1123 1409 1294 1446 Heraclito
1313 1409 1455 1447 laudata
1474 1417 1593 1457 erant,
1666 1453 1671 1457 ,

266 1480 414 1516 Platonis
427 1478 529 1514 verba
553 1477 670 1514 sedulo
695 1477 952 1528 anquisiverint.
978 1481 1076 1526 Quae
1098 1478 1189 1515 haud
1214 1478 1319 1515 dubie
1339 1485 1374 1516 et
1393 1471 1595 1529 refingendo

266 1555 302 1586 et
325 1546 520 1598 explicando
538 1547 612 1584 loco
631 1560 709 1596 prae
722 1547 842 1583 ceteris
855 1548 1017 1584 omnibus
1042 1554 1126 1585 sunt
1139 1547 1269 1585 idonea.
1295 1550 1356 1585 Est
1368 1546 1487 1585 autem
1499 1548 1597 1587 locus

262 1618 325 1655 ille
347 1615 529 1657 Platonis'
517 1629 555 1653 1n
576 1616 720 1666 Republ.
747 1618 788 1653 X.
813 1631 846 1666 p.
865 1620 992 1665 61713,
1019 1618 1110 1655 unde
1135 1618 1293 1656 vitiosam
1319 1617 1419 1655 Codd.
1444 1615 1594 1658 sohohoe

264 1699 413 1736 rumque
437 1685 618 1722 lectionem
643 1680 861 1722 correximus.

312 1758 344 1803 ἰ)
368 1754 478 1792 SchoI.
503 1755 578 1792 ὅτι.
604 1775 651 1782 -—
676 1754 805 1791 schow.
829 1755 869 1792 in
891 1761 991 1791 textu
1016 1754 1088 1795 ἔτι.

311 1822 343 1871 3)
367 1824 501 1869 Schol.‚
525 1827 576 1870 A,
598 1826 625 1861 B
646 1825 803 1860 κύκλων.
831 1846 878 1851 -
901 1823 1029 1862 Schow.
1050 1825 1088 1861 in
1113 1825 1383 1879 textu',xi·u2‹p.

310 1894 343 1941 4)
368 1893 499 1931 Schoxv.
524 1894 653 1942 φωνήν
675 1894 801 1932 ἱεῖσαν
820 1892 964 1931 ἔνατον.
989 1914 1037 1922 --
1062 1893 1164 1931 Codd.
1189 1898 1220 1931 A
1238 1902 1274 1932 et
1301 1899 1328 1932 B
1353 1897 1480 1946 φωνήν
1500 1897 1596 1948 μίαν

265 1962 390 2000 ἱεῖσαν
415 1957 559 2000 ἔνατον.
583 1983 631 1991 -
655 1962 766 2007 Schol.
791 1963 918 2011 φωνήν
938 1965 1032 2012 μίαν
1056 1964 1183 2002 ἱεῖσαν
1199 1951 1376 2015 ἇκάστηνζ

311 2035 345 2080 5)
370 2033 470 2069 eodd.
495 2037 530 2069 et
554 2030 663 2070 Schol.
692 2033 858 2071 ἁπασῶν.

313 2104 345 2149 ⁶)
369 2102 480 2139 Schol.
503 2103 617 2152 ξυμφ.
636 2124 684 2132 -
709 2103 809 2140 Codd.
823 2109 1051 2152 συμφωνεῖν.
1079 2102 1130 2141 Cf.
1145 2106 1282 2142 maioris
1293 2105 1390 2143 illius
1404 2106 1590 2146 Alexandri

264 2170 398 2220 Ephesii
433 2170 639 2222 fragmenti,
675 2173 767 2224 quod
802 2187 820 2210 e
846 2173 992 2211 Theonis
1020 2184 1122 2223 opere
1145 2171 1300 2225 ineditag
1310 2175 1352 2212 de
1382 2178 1591 2225 astronomia

263 2242 396 2290 primus
422 2241 551 2291 publici
584 2243 670 2279 iuris
694 2243 779 2281 feeit
807 2243 932 2280 Galeus
959 2243 998 2280 in
1034 2243 1210 2281 Additum.
1233 2245 1277 2282 ad
1298 2246 1456 2284 Parthen.
1491 2262 1525 2298 p.
1539 2251 1587 2285 49

265 2320 357 2359 sqq„
391 2322 423 2346 v.
449 2312 497 2347 25
522 2318 558 2348 et
582 2314 651 2359 26,
675 2313 817 2363 receptis
841 2312 1039 2350 Schneideri
1062 2319 1098 2349 et
1121 2313 1240 2350 Naekii
1265 2315 1584 2355 emendationibus:

364 2401 472 2446 τοίην
497 2414 558 2438 τοι
582 2405 739 2453 σειρῆνα
762 2402 861 2446 Διὸς
886 2409 977 2446 παῖς
1004 2401 1165 2453 ἥρμοσεν
1192 2404 1336 2454 *Ερμῆς

364 2468 571 2508 ἑπτάτονον
595 2475 770 2523 κίθαριν,
798 2473 1036 2524 θεομήτορος
1060 2474 1197 2511 εἰκόνα
1220 2475 1379 2524 κόσμου.

311 2560 344 2605 7)
369 2560 416 2594 De
436 2559 623 2599 Alexandro
645 2563 808 2612 Ephesio,
833 2564 876 2600 ob
895 2570 1091 2602 »nocturna
1110 2564 1251 2602 fortasse
1262 2565 1326 2602 viri
1338 2565 1495 2604 laboriosi
1512 2574 1586 2606 stu-

263 2626 349 2663 dia⁷¹
375 2630 524 2674 Λύχνος
538 2631 726 2679 appellato,
756 2632 964 2682 scripserunt
982 2633 1112 2671 Fabric.
1125 2633 1213 2670 Bibl.
1240 2637 1297 2671 Gr.
1311 2637 1374 2671 111.
1399 2648 1429 2672 c.
1444 2638 1500 2672 19.
1524 2639 1585 2684 3.;

259 2697 430 2739 Meineke‚
455 2699 619 2736 Analecta
643 2700 822 2738 Alexandr.
846 2715 877 2751 p.
894 2705 962 2740 371
976 2717 1073 2756 sqq.;
1094 2706 1127 2743 J.
1146 2706 1185 2742 G.
1206 2704 1419 2752 Hulleman,
1445 2704 1489 2743 de
1503 2708 1582 2743 Cot-

260 2766 352 2805 nelio
376 2767 566 2806 Alexandro
589 2768 797 2820 Polyhistore
817 2785 850 2822 p.
865 2775 901 2813 4.
