1676 3334
214 479 310 517 φεια
338 465 369 514 Ι)
400 463 460 518 τῷ
485 460 670 516 διηνεκεῖ
688 464 762 515 τῆς
791 461 1058 518 παραδόσεως
1081 461 1107 520 ᾗ
1140 465 1446 520 γνωριμωτέρα.

670 578 704 622 C
723 580 757 622 Α
775 578 806 621 Ρ
825 581 864 624 U
882 580 915 623 Τ
959 581 1105 632 XLII„

265 705 380 754 Τάγε
412 703 496 756 μὴν
537 702 608 743 ἐπὶ
647 699 929 755 Σαρπηδόνος
950 704 985 750 2)
1029 699 1191 755 δάκρυα
1221 699 1361 756 λύπην
1385 703 1464 755 μὲν
1501 701 1552 744 οὐ

202 777 517 834 καταψεύδεται
542 781 641 820 θεοῦ
657 807 669 827 ,
702 777 725 819 ὃ
759 778 831 819 καὶ
862 778 966 832 παρ’
998 778 1247 832 ἀνθρώποις
1272 781 1458 834 νόσημα.
1489 782 1549 833 τῷ

201 855 248 899 δὲ
272 854 515 914 βουλομένῳ
537 855 732 911 τάκριβὲς
756 856 933 910 ἐρευνᾶν
947 885 958 904 ,
991 856 1223 899 ἐπινοεῖται
1243 858 1394 911 τρόπος
1414 854 1546 911 ἄλλη·-

197 932 448 990 γορουμένης
469 936 503 987 3)
536 931 745 988 ἀληθείας
766 932 831 987 4)·
875 930 1084 982 πολλάκις
1109 934 1190 988 γὰρ
1216 933 1264 976 ἐν
1293 937 1389 984 ταῖς
1410 924 1563 988 μετα-Ι

197 1010 345 1069 βολαῖς
378 1012 466 1055 τῶν
498 1009 691 1065 μεγάλων
716 1013 977 1066 πραγμάτων
1016 1011 1219 1066 ἱστοροῦσι
1249 1013 1444 1066 τεράστια
1481 1015 1541 1067 τῷ

194 1090 275 1147 βίῳ
305 1089 589 1145 συμφέρεσθαι
609 1087 648 1144 5)
696 1093 844 1144 σημεῖα
862 1089 926 1143 6),
972 1090 1174 1143 ποταμῶν
1207 1105 1252 1131 τε
1282 1089 1355 1131 καὶ
1384 1089 1542 1145 πηγαί·

194 1183 253 1211 ων
273 1172 309 1222 7)
321 1169 517 1222 ναμάτων
530 1166 846 1220 αἶμοφορύκτοις
866 1164 904 1220 8)
924 1167 1120 1221 ῥεύμασιν
1135 1165 1463 1221 ε’κμιαινομένων
1483 1171 1538 1219 9),

239 1325 273 1371 ¹)
299 1321 412 1359 Schol.
432 1304 605 1369 ἀσάφεια
627 1321 752 1368 σαφής
770 1341 817 1349 -
832 1341 877 1349 —-
893 1342 940 1349 —-
954 1317 976 1370 ᾖ
989 1349 999 1367 ,
1028 1322 1150 1358 omisso
1180 1319 1464 1371 γνωριμωτέρα.
1508 1335 1511 1338 ·

236 1397 268 1442 ⁹)
295 1396 350 1429 Ita
372 1393 414 1428 D.
462 1390 600 1441 Reliqui
629 1403 748 1428 omnes
772 1391 1015 1442 Σαρπηδόνι.

235 1465 267 1512 ⁸)
295 1466 334 1500 D.
362 1459 648 1510 καταψεύδεται
668 1463 793 1508 θεοῦ,
819 1461 905 1498 ἀλλ’
938 1460 1189 1510 ἀνθρώπινον
1215 1460 1389 1507 νόσημα·
1417 1459 1470 1509 τῷ
1489 1459 1533 1497 δὲ

184 1532 404 1582 βουλομένῳ
440 1531 621 1582 τάκριβὲς
648 1531 807 1582 ἐρευνᾶν
843 1530 910 1569 ἐπι
937 1557 948 1569 .
977 1557 987 1568 .
1010 1558 1019 1567 .
1048 1557 1058 1567 .
1094 1544 1160 1567 ται
1193 1531 1336 1580 τρόπος
1371 1529 1537 1582 ἀλληγο-

185 1602 366 1654 ρουμὲνος
391 1602 595 1649 ἀληθείας.
621 1623 668 1629 --
693 1601 826 1638 SchoW.
852 1608 888 1637 et
908 1600 1020 1637 Schol.
1055 1601 1079 1638 ὃ
1103 1602 1168 1638 καὶ
1189 1605 1277 1651 παρ’
1301 1599 1530 1651 ἀνθρώποις

182 1676 333 1723 νόσημα
359 1692 405 1701 -·
437 1672 544 1723 αὐτῷ
578 1671 621 1710 δὲ
651 1671 873 1721 βουλομένῳ
903 1693 952 1700 ..„
985 1673 1204 1710 ἐπινοεῖται
1230 1693 1278 1700 —-
1305 1671 1532 1723 ἀλληγορου-

179 1747 294 1796 μένης
308 1745 508 1793 ἀληθείας.
534 1743 631 1779 Idem
650 1746 698 1788 Ας
725 1742 784 1779 sed
797 1749 850 1779 est
869 1743 994 1780 lacuna
1006 1743 1100 1779 inter
1113 1743 1220 1795 αὐτῷ
1239 1750 1275 1780 et
1295 1743 1530 1793 βουλομένῳ.

226 1819 260 1865 4)
285 1815 436 1865 Explicit
465 1813 578 1850 Schol.
608 1812 651 1849 ΙΙ.
674 1816 714 1851 O.
742 1815 790 1849 18
822 1813 860 1849 in
890 1813 1057 1851 vocabulo
1083 1813 1296 1863 ἀληθείας;
1335 1814 1459 1864 incipit
1491 1815 1529 1852 iu

178 1885 343 1924 vocabulo
381 1884 570 1925 πολλάκις
607 1882 789 1920 Schol.11.
824 1886 877 1920 Π.
910 1886 1039 1921 v.459.
1101 1885 1350 1922 Desiderantur
1386 1884 1423 1921 in
1456 1885 1529 1934 ipso

176 1956 278 1994 initio
301 1953 470 1991 v'ocabula
495 1955 566 2005 γάρ
589 1959 626 1990 et
651 1960 750 1996 ταῖς.

222 2029 255 2075 5)
279 2025 455 2064 Vocabula
479 2025 531 2075 τῷ
556 2024 630 2075 βίῳ
652 2037 721 2060 non
744 2036 807 2060 suo
833 2025 906 2060 loco
932 2025 1097 2061 videntur
1122 2037 1192 2061 esse
1218 2024 1393 2062 collocata.
1445 2029 1527 2063 For'-

172 2102 261 2132 tasse
300 2094 539 2144 redintegrata
570 2093 713 2131 habebis
748 2093 923 2142 scriptoris
963 2093 1093 2139 verba,
1120 2094 1149 2130 si
1181 2093 1292 2144 legas:
1337 2096 1526 2139 πολλάκις

172 2169 242 2218 γάρ
260 2166 303 2204 ἐν
325 2172 412 2208 ταῖς
430 2164 665 2214 μεταβολαῖς
691 2165 768 2202 τῶν
784 2164 958 2214 μεγάλων
988 2163 1031 2201 ἐν
1061 2165 1114 2215 τῷ
1134 2164 1210 2215 βίῳ
1231 2167 1473 2216 πραγμάτων.

220 2240 252 2286 6)
277 2236 389 2274 Schol.
413 2235 684 2286 συμφέρεσθαι
705 2236 771 2272 καὶ
795 2241 950 2283 σημεῖα.

220 2310 252 2355 7)
278 2311 334 2343 Ita
352 2306 464 2344 Schol.
489 2329 537 2335 —
562 2306 696 2343 schow.
719 2312 756 2342 et
780 2305 883 2342 eodd.
908 2305 1052 2357 πηγῶν.

220 2378 252 2423 8)
277 2379 333 2412 Ita
351 2379 392 2412 A.
418 2395 467 2403 —-
491 2376 594 2412 Schol
618 2376 910 2426 αἱμοροφύτοις.
937 2398 985 2404 —-
1010 2375 1141 2412 Schow.
1161 2376 1455 2426 αἱμοφρυκτοις.
1472 2399 1519 2406 —-

166 2450 207 2484 D.
235 2446 507 2496 αἱμοφύρτοις.
531 2465 579 2476 -
603 2447 786 2492 Primum,
819 2446 911 2496 quod
938 2447 975 2482 in
1008 2452 1147 2482 textum
1172 2446 1309 2494 recepi,
1343 2459 1518 2484 commen·

164 2517 250 2554 dant
285 2517 565 2553 Hemsterhusius
592 2524 627 2554 01,
654 2517 806 2554 Bredow.
833 2517 859 2553 l.
881 2517 906 2552 l.
935 2515 984 2552 Cf.
1011 2519 1109 2552 Hom.
1138 2515 1202 2552 od.
1228 2521 1270 2552 Y.
1297 2519 1371 2552 248
1395 2524 1430 2554 et
1452 2521 1518 2554 ne-

164 2587 259 2638 syeh.
277 2587 303 2624 i.
316 2600 346 2622 v.
367 2587 654 2638 αἱμοφόρυκτα,
679 2586 814 2634 αἱματι
834 2585 1103 2635 μεμολυσμένα
1124 2588 1189 2624 καὶ
1208 2586 1517 2639 ἀναπεφυρμένα.

160 2661 449 2708 Λὶμοφῦρτοις,
475 2658 567 2707 quod
586 2664 637 2693 est
660 2657 697 2692 in
715 2659 774 2702 D.‚
801 2662 950 2692 tuentur
972 2655 1266 2705 Wyttenbachius
1290 2665 1325 2694 et
1346 2659 1513 2696 Ruhnke-

161 2730 239 2765 nius
253 2756 264 2774 ‚
290 2742 440 2779 quorum
464 2727 520 2762 hic
545 2727 687 2775 insuper
711 2728 888 2775 ναμάτων
908 2724 1148 2762 arbitrabatur
1169 2739 1237 2764 esse
1261 2727 1461 2765 delendum'.

211 2802 242 2845 9)
268 2798 378 2835 Schol.
401 2797 701 2847 ἕκμαινομὲνων.
