1676 3334
742 319 1003 368 ...30—

208 458 374 515 οἰκριβὲς
409 455 456 499 οὗ
481 459 512 509 ¹)
552 457 737 509 θηρᾶται
759 453 822 501 2),
863 447 919 489 δι’
953 448 1006 498 ἣν
1037 445 1289 500 οἷταμιειίτως
1315 441 1455 487 σιτίων
1487 457 1539 485 τε

205 538 276 579 καὶ
304 537 445 578 ποτῶν
475 529 794 586 ἐμπιμπλάμενοι
816 527 851 575 3)
894 523 1182 577 διαφθείρεται
1199 553 1211 572 ,
1255 521 1431 577 μηδενὸς
1461 519 1533 562 λο-

203 619 346 666 γισμοῦ
371 614 447 664 τὴν
478 610 548 652 ἐπὶ
580 609 626 649 τὸ
654 604 784 647 πλέον
806 599 843 655 4)
876 602 1005 654 ὁρμὴν
1035 597 1317 655 χαλινοῦντος.
1359 596 1526 646 ἔπειθ’,

203 689 227 730 ὃ
257 690 327 730 καὶ
349 686 510 741 μᾶλλον
547 682 705 738 ἀληθές
726 683 760 730 5)
792 680 925 725 ἔστιν,
957 676 998 717 οἱ
1030 676 1105 728 μὲν
1129 677 1352 728 ἄνθρωποι
1379 688 1533 727 μεταρ·

202 766 305 813 σιόις
325 768 416 812 ταῖς
445 763 679 807 ἀναπνοαῖς
705 758 779 799 τὸν
803 754 1098 807 καθαρώτερον
1118 750 1154 803 6)
1183 749 1375 799 ἕλκοντες
1396 749 1500 804 οἷέροι
1516 778 1530 798 ,

201 841 455 898 βραδύτερον
479 836 807 892 ἁλίσκονται-τῷ
837 835 982 873 πάθει.
1030 829 1096 871 Τὰ
1122 826 1158 870 δ’
1185 829 1255 870 ἐπὶ
1281 834 1355 881 γῆς
1377 826 1531 883 ’ἕρπον-

202 934 258 960 τα
278 924 313 969 7)
357 918 443 972 ζῷα
481 915 576 962 τούς
618 910 810 959 νοσώδεις
849 910 1012 952 ἐκεῖθεν
1048 906 1201 959 οἰτμοῦς
1239 904 1532 960 εὐμαρέστερον

202 993 327 1037 ἕλκει.
364 996 479 1035 πάνυ
516 1007 561 1043 γε
590 991 670 1043 μὴν
698 986 871 1042 ἀληθῶς
911 984 985 1026 οὐκ
1021 984 1067 1026 ἐν
1103 981 1261 1037 οέρτίοις
1281 980 1318 1034 8)
1361 979 1532 1034 ἡμέραις

201 1074 281 1126 τὴν
302 1067 555 1122 ἀπαλλαγὴν
576 1071 648 1121 τῆς
672 1067 794 1109 νόσου
824 1059 1054 1116 δεδήλωκεν
1069 1090 1080 1110 ,
1111 1057 1208 1102 ἀλλ’
1233 1060 1278 1101 ἐν
1302 1059 1530 1113 περιτταῖς.

255 1167 472 1221 Ἐννῆμαρ
498 1165 575 1219 μὲν
603 1163 685 1206 οἰνά
713 1160 889 1216 στρατὸν
916 1158 1046 1215 ᾤχετο
1075 1154 1183 1210 κῆλα
1209 1158 1340 1197 θεοῖο.
1364 1154 1406 1210 ⁰)

198 1263 378 1321 μάλιστα
417 1263 495 1317 γὰρ
529 1263 575 1304 ἐν
611 1263 663 1315 τῇ
699 1259 797 1313 παρ’
838 1255 995 1299 ἕκαστα
1035 1255 1158 1310 πείρᾳ
1196 1253 1405 1307 γνὼριμόν
1444 1251 1532 1294 ἔστι

200 1342 318 1384 τοῦθ’
337 1371 348 1389 ,
379 1341 444 1382 ὃτι
473 1339 650 1394 κρίσιμοι
688 1337 772 1379 τῶν
802 1333 1047 1389 σωματικῶν
1086 1334 1354 1386 παθημάτων
1379 1330 1428 1372 αἶ
1454 1345 1532 1372 πε-

197 1420 333 1475 ριτταὶ
360 1418 579 1471 γίγνονται
606 1416 691 1459 τῶν
716 1414 891 1468 ἡμερῶν.
913 1411 953 1468 9)

260 1586 291 1630 ¹)
326 1582 398 1627 οὗ,
437 1581 529 1631 quod
564 1581 603 1617 in
639 1579 740 1617 Codd.
777 1582 807 1616 A
845 1585 881 1615 et
917 1581 944 1614 B
979 1577 1098 1628 deest,
1135 1582 1178 1613 ut
1213 1575 1250 1612 in
1287 1573 1453 1625 reliquis,
1491 1571 1530 1609 in

196 1651 305 1688 Schol.
332 1651 493 1688 additum
525 1657 586 1687 est.
636 1649 735 1697 Quod
761 1662 780 1685 e
804 1648 1000 1684 coniectura
1031 1647 1103 1682 iam
1128 1648 1295 1681 Gesnerus
1319 1643 1532 1680 restituerat.

246 1724 278 1769 ἰ)
303 1721 486 1770 Displicuit
520 1719 692 1756 Bredowio
719 1717 927 1754 vocabulum
953 1718 1148 1766 θηρᾶταις
1177 1713 1268 1764 quod
1293 1713 1331 1748 in
1356 1717 1530 1763 τηρεῖται

196 1789 408 1826 mutandum
442 1802 511 1825 esse
537 1788 670 1824 censuit
695 1788 800 1837 Epist.
839 1786 942 1823 Paris.
968 1800 1000 1837 p.
1015 1788 1098 1822 256.
1157 1786 1205 1820 At
1229 1782 1437 1819 vocabulum
1463 1796 1534 1830 τη-

197 1862 377 1910 ρεῖσθαι,
405 1859 518 1894 media
543 1856 676 1903 forma,
702 1870 763 1902 ea,
793 1868 881 1907 quae
905 1854 1091 1892 necessario
1114 1853 1326 1903 requiritur,
1352 1851 1537 1901 significa-

195 1930 310 1974 tione,
335 1941 404 1964 non
424 1928 626 1971 invenitur3
651 1932 825 1975 praeterea
846 1924 945 1962 verbi
967 1927 1176 1974 θηρᾶσθαι
1202 1933 1287 1958 usus
1308 1921 1352 1958 ab
1370 1921 1434 1957 hoc
1458 1921 1533 1958 1000

195 2011 266 2035 non
291 2004 365 2034 tam
386 1996 523 2032 videtur
547 2009 617 2031 esse
636 1995 790 2040 alienus,
814 2008 921 2044 quam
940 1995 1130 2030 arbitratus
1155 2000 1206 2029 est
1226 1991 1428 2028 Bredowius.
1477 1989 1528 2029 Cf-

196 2080 230 2105 v.
251 2081 280 2104 0.
302 2066 423 2103 Herod.
445 2069 492 2102 ΙΙ.
518 2067 587 2100 77:
612 2063 788 2114 ἐμέτοισι
810 2063 1032 2114 θηρώμενοι
1059 2064 1125 2110 τήν
1147 2062 1295 2112 ὑγιείην
1316 2064 1380 2098 καὶ
1407 2062 1529 2099 κλύσ-

194 2152 305 2188 μασι.
668 2136 701 2182 5)
726 2138 781 2171 Ita
800 2134 912 2171 Schol.
936 2155 985 2163 —
1010 2133 1111 2171 eodd.
1132 2133 1392 2182 πιμπλάμενα.

243 2209 277 2255 4)
302 2210 357 2243 Ita
381 2205 493 2243 Schol.
518 2227 565 2233 —
591 2204 692 2240 Codd.
720 2206 864 2241 πλεῖον.

245 2278 278 2324 5)
303 2274 415 2310 Schol.
441 2276 589 2323 μᾶλλον
609 2272 882 2324 ἀληθέστερον.
1004 2313 1006 2315 ,

246 2346 279 2392 6)
305 2348 358 2380 lta
379 2343 489 2379 Schol.
514 2365 562 2371 ——
587 2343 690 2380 Codd.
714 2343 1001 2395 καθαρώτατον.
1069 2358 1070 2361 ’

243 2416 277 2462 7)
303 2417 359 2450 lta
378 2425 460 2449 cum
479 2412 592 2449 Schol.
613 2413 692 2450 Cod.
706 2418 744 2452 B.
768 2436 821 2446 —-
844 2416 974 2453 Schow.
1003 2411 1224 2465 ἐρριμμένοι.

242 2485 275 2531 8)
299 2486 354 2519 lta
374 2495 456 2518 cum
476 2482 586 2519 Schol.
613 2485 719 2522 Codd.
743 2488 774 2521 A
797 2491 833 2520 et
857 2489 893 2520 B.
919 2506 966 2512 --
993 2485 1120 2521 SchoW.
1147 2483 1316 2532 ἀρτίως.

237 2555 272 2601 9)
297 2553 346 2590 Cf.
363 2556 475 2589 Tzetz.
500 2556 600 2603 Exeg.
627 2569 659 2604 p.
675 2557 768 2590 104:
795 2553 1037 2601 “Ηφαιστίων
1062 2554 1083 2590 ὁ
1109 2554 1278 2602 Θηβαῖος
1300 2554 1364 2589 καί
1381 2552 1528 2588 ’Ῑουλι-

194 2623 285 2665 ανὸς
319 2622 340 2659 ὁ
367 2623 641 2671 μαθηματικὸς
675 2624 741 2672 τήν
771 2627 788 2662 b
820 2623 960 2674 ἡμέραν
989 2625 1086 2672 φασὶ
1115 2626 1296 2675 κρίσιμον
1325 2618 1426 2660 εἶναι
1452 2621 1527 2658 τῶν

193 2694 381 2743 λοιμικῶν
406 2696 645 2743 νοσημάτων.

241 2767 280 2813 a)
306 2764 348 2801 Il.
363 2767 409 2803 A.
436 2778 465 2800 v.
479 2769 536 2803 53.
