1734 3386
823 377 880 387 -·
917 370 980 399 111
1016 375 1079 385 ‘'¹''

347 488 467 545 Pag.
502 486 611 535 149,
646 482 718 526 ubi
762 482 983 526 restituere
1009 478 1117 523 mihi
1147 480 1256 522 visus
1281 493 1394 524 eram
1425 479 1613 525 Platonis

285 570 423 612 locum
453 582 476 610 e
505 563 695 610 Phaedro
715 595 727 615 ,
761 578 804 622 p.
822 564 924 606 237.
957 561 1020 612 A,
1054 561 1273 606 incautum
1300 576 1367 606 me
1392 561 1611 623 repudias·

284 665 326 694 se
365 663 504 691 veram
543 646 802 703 Platoneque
845 642 968 686 unice
1000 639 1170 699 dignam
1203 640 1462 694 lectionem,
1502 657 1611 702 quae

283 745 330 773 ex
365 726 567 772 Heracliti
609 724 813 770 Codicum
846 722 1116 780 quantumvis
1153 722 1367 780 corruptis
1395 721 1611 766 vocabulis

278 809 462 861 emicat,
506 806 690 850 Cobetus
732 818 799 847 mc
838 801 1027 847 docuit.—
1062 800 1308 859 Legendum
1357 803 1472 847 enim
1517 812 1605 848 est:

279 889 441 942 ”Areu
464 886 513 940 δὴ
528 916 538 936 .
571 881 605 928 ὦ
636 886 832 933 Μοῦσαι,
865 882 945 924 εἴτε
968 879 1024 923 δι’
1051 880 1161 936 ᾠδῆς
1188 877 1295 931 εἶδος
1320 881 1496 935 λίγειαι,
1527 883 1610 926 εἴτε

280 967 348 1010 διὰ
390 965 508 1019 γένος
544 980 586 1006 τι
609 962 804 1017 μουσικὸν
850 960 1008 1014 ταύτην
1045 958 1178 1016 ἐ’σχετ’
1218 960 1489 1015 ἐπωνυμίαν,
1533 960 1612 1015 ξύμ

275 1061 343 1098 μοι
378 1043 556 1098 λάβεσθε
591 1043 662 1084 τοῦ
696 1041 865 1094 μύθους
905 1036 1072 1080 abiecto
1116 1035 1242 1080 foedo
1273 1037 1522 1095 glossemate
1560 1042 1608 1084 2²6

275 1126 440 1178 Λιγύων
468 1126 564 1179 post
591 1121 786 1176 μουσικόν
815 1116 868 1160 ab
896 1131 981 1161 uno
1020 1133 1069 1161 ex
1109 1119 1160 1161 iis
1203 1118 1348 1163 addito
1364 1135 1380 1170 ·,
1413 1119 1489 1177 qui
1516 1133 1606 1162 ma-

274 1200 540 1247 nifestissima
565 1205 691 1256 atque
717 1197 896 1241 maxime
920 1200 1144 1258 perspicua
1176 1198 1495 1258 interpretando
1523 1199 1604 1243 sci·

275 1282 371 1324 licet
412 1275 692 1321 obscurabant
732 1282 859 1335 atque
898 1277 1242 1335 pessumdabant.
1304 1277 1404 1338 Egit
1435 1279 1488 1323 de
1523 1279 1604 1322 hoc

272 1358 450 1405 Phaedri
475 1358 594 1407 loco,
627 1355 772 1399 habito
800 1356 1006 1402 Heracliti
1035 1367 1254 1418 respectu,
1287 1359 1526 1404 Badhamus
1556 1362 1602 1403 in

253 1440 406 1500 [praef.
440 1437 490 1481 ad
517 1436 626 1481 Plat.
658 1435 838 1481 Phaedr.
872 1453 916 1495 p.
948 1450 973 1480 v
1003 1446 1044 1480 et
1075 1450 1146 1489 vl,
1182 1454 1258 1482 nec
1285 1449 1423 1484 tamen
1456 1447 1600 1485 verum

273 1530 335 1564 est
361 1520 609 1579 suspicatus.
1446 1506 1451 1511 ¹

330 1601 471 1646 Unum
503 1606 719 1657 superest.
753 1606 799 1641 ut
841 1612 1169 1643 commemorem
1201 1605 1300 1660 ἄχρι
1332 1605 1404 1646 τοῦ
1442 1605 1498 1657 μὴ
1530 1602 1602 1646 ὅσ·

208 1732 210 1735 ,
268 1686 355 1726 κεῖν
388 1681 586 1733 ἀγνοεῖν,
629 1685 677 1720 ut
709 1676 913 1722 Heracliti
954 1678 1091 1722 verbis
1128 1688 1250 1732 utar,
1286 1680 1340 1725 R.
1367 1678 1600 1724 Schmidtii

267 1757 459 1814 libellum
507 1757 613 1800 »De
645 1755 896 1801 Plutarchea
928 1773 1037 1816 quae
1077 1759 1201 1818 vulgo
1247 1759 1384 1803 fertur
1421 1742 1599 1804 Homeri

266 1839 348 1881 vita
375 1835 611 1896 Porphyrio
643 1835 909 1882 vindicanda.
944 1837 1133 1882 Berolini
1163 1839 1327 1884 1850.'’
1391 1838 1441 1882 I'n
1469 1853 1598 1897 quem

266 1918 413 1960 eximia
468 1915 684 1974 diligentia
741 1931 976 1976 magnaque
1024 1918 1252 1976 sagacitate
1304 1918 1597 1977 conscriptum

267 1996 625 2056 opportunitatem
665 2003 810 2039 nactus
832 2027 844 2048 ‚
875 2011 956 2054 qua
986 1996 1082 2040 data
1121 2013 1234 2041 nunc
1268 2014 1351 2043 non
1380 1998 1476 2042 licet
1509 2001 1593 2051 uti,

267 2078 500 2120 accuratius
529 2072 743 2135 inquirere
774 2091 940 2121 mecum
970 2079 1190 2122 constitui.

322 2218 480 2262 Dabam
509 2217 662 2262 Leidae
679 2250 692 2269 ,
726 2233 867 2262 mense
894 2218 1004 2263 Iulio
1031 2232 1242 2264 Μοῦσαι.
