1676 3334
721 328 1006 376 -1116-

327 464 398 503 τοῦ
425 460 504 514 μὲν
532 458 761 512 φθίνοντος
788 458 942 513 μηνὸς,
976 461 1047 502 τοῦ
1069 457 1117 502 δ’
1143 459 1376 514 ἱσταμένοιο
1395 459 1454 515 d).
1510 475 1531 491 =·

213 561 392 613 τοσαύτη
419 557 490 599 καὶ
525 557 620 611 περὶ
647 556 734 599 τῶν
770 551 1210 611 παρακολουθούντων
1238 558 1308 598 καὶ
1340 553 1412 611 τῆς
1439 571 1543 610 προ·

211 635 387 690 θεσμίας
415 637 442 688 ἡ
468 634 575 676 κατὰ
599 634 675 686 τὴν
706 630 899 687 ἔκλειψιν
925 630 959 687 1)
993 624 1199 689 ἀκρίβεια.
1232 632 1274 675 τί
1297 631 1363 675 δεῖ
1384 627 1549 680 τούτοις

211 716 346 756 ἅπασι
370 714 618 766 προσθεῖναι
634 712 710 762 τὴν
724 710 795 751 ἐπὶ
814 707 923 751 τέλει
950 696 1308 765 μνηστηροφονίας
1333 704 1546 763 παρεστῶ-
1571 755 1573 757 ,

213 805 292 833 σαν
320 788 529 842 Ἀθηνᾶν
567 784 786 834 Ὀδυσσεῖ,
819 783 1006 826 τουτέστι
1044 789 1120 839 τὴν
1146 789 1372 842 φρόνησινς
1405 787 1440 828 εἴ
1468 785 1547 839 μὲν

213 869 292 921 γὰρ
318 869 362 909 ἐκ
396 867 467 907 τοῦ
493 865 672 917 φανεροῦ
704 861 776 903 καὶ
813 860 1059 918 βιαζόμενος
1088 866 1271 917 ἠμύνατο
1299 866 1394 914 τούς
1426 861 1549 906 stenv-

214 946 428 1000 πηκότας,
460 939 597 995 ’Ἄρης
631 939 686 982 ἀν
714 938 828 994 αὐτῷ
855 940 1156 994 συνηγωνίζετο
1178 940 1232 992 2).
1265 943 1338 984 νῦν
1366 939 1411 983 δέ
1441 938 1551 995 δόλῳ

216 1023 287 1064 καὶ
327 1019 454 1076 τέχνῃ
482 1015 746 1072 περιελθὼν,
778 1014 838 1059 ἵν’
864 1016 1149 1070 ἀγνοούμενος
1179 1015 1281 1073 ἕλῃ,
1321 1015 1392 1059 διὰ
1429 1015 1550 1061 συνέ-

216 1115 313 1148 σεως
340 1099 604 1151 κατώρθωσε.
635 1096 663 1137 ἃ
694 1093 743 1148 δὴ
774 1097 918 1137 πάντα
956 1093 1060 1136 καθ’
1096 1095 1144 1138 ἓν
1179 1094 1456 1150 ἀθροίσαντες
1477 1093 1516 1150 3)
1534 1125 1547 1145 ,

215 1173 468 1230 ἀλληγορίας
498 1169 637 1226 πλήρη
668 1172 746 1223 τὴν
772 1168 878 1226 ὃλην
903 1170 1075 1226 ποίησιν
1105 1172 1358 1227 εὑρίσκομεν.
1491 1189 1505 1219 ι

640 1283 674 1327 C
693 1284 724 1327 Α
745 1284 829 1329 PU
852 1284 884 1327 T
938 1283 1132 1329 LXXIV.

280 1394 392 1456 ‘Ae'
417 1398 490 1446 οὖν
516 1402 586 1444 ε’πὶ
610 1403 772 1450 τούτοις
800 1403 825 1444 0‘
845 1400 976 1454 μέγας
1005 1402 1181 1457 οὐρανοῦ
1211 1403 1283 1445 καὶ
1310 1405 1424 1448 θεῶν
1450 1403 1555 1459 ἴερο·
1590 1433 1602 1443 ..

222 1485 382 1536 φάντης
415 1479 623 1534 εΌμηρος,
653 1480 677 1520 ό
704 1479 780 1526 τὰς
818 1479 1003 1536 ἀβάτους
1036 1479 1108 1520 καὶ
1128 1478 1439 1536 ’κεκλεισμένας
1478 1481 1556 1526 ἀν·

220 1559 457 1614 θρωπίναις
482 1559 642 1613 ψυχαῖς
659 1555 872 1609 ἀτραπούς
898 1554 969 1598 ἐπ’
995 1556 1171 1611 οὐρανὸν
1185 1557 1382 1610 ἀνοίξας,
1412 1561 1556 1613 ἐπιτή-

220 1636 328 1685 δειός
347 1645 359 1654 ‘
377 1635 465 1677 ἔστι
510 1637 822 1687 κατακριθῆναι
867 1631 1106 1690 δυσσεβεΐν,
1150 1635 1226 1678 ἵνα
1281 1638 1435 1692 ταύτης
1486 1641 1560 1692 τῆς

219 1712 390 1756 ἀνοσίου
423 1711 494 1752 καὶ
532 1714 686 1764 μιαρᾶς
720 1713 867 1764 ψήφου
895 1709 1201 1768 διενεχθείσης,
1244 1712 1560 1769 ἀναιρεθέντων
1610 1724 1614 1727 ’

221 1807 265 1833 τε
289 1791 373 1832 τῶν
402 1792 667 1843 ποιημάτων,
694 1789 862 1841 ἄφωνος
884 1788 1054 1841 ἀμαθία
1078 1793 1149 1832 τοῦ
1180 1793 1332 1845 κόσμου
1357 1807 1560 1835 κατασκε-

223 1867 364 1922 δασθῇ
379 1898 391 1918 ,
423 1867 494 1926 καὶ
531 1869 630 1918 μήτε
670 1865 834 1920 νηπίων
869 1864 1036 1909 παίδων
1064 1869 1182 1923 χορός
1213 1867 1449 1924 ὠφελῆται,
1486 1871 1563 1920 τὰς

224 1944 370 1998 σοφίας
395 1941 497 1996 παρ’
518 1941 700 1996 Ὀμήρου
730 1943 899 1995 πρῶτον
930 1945 987 1992 ὥς
1017 1945 1103 1986 ἀπὸ
1140 1948 1318 2001 τιθήνης
1341 1947 1563 2002 ποτιζόμε-

226 2037 297 2069 νος
322 2018 432 2072 γάλα
446 2048 458 2067 ,
489 2017 584 2071 μήτ’
603 2018 702 2060 ἀντὶ
731 2017 898 2075 παίδων
915 2020 957 2060 οἱ
971 2021 1136 2063 νεανίαι
1155 2022 1225 2063 καὶ
1252 2024 1299 2065 τὸ
1321 2025 1567 2081 παρηβηκός

224 2097 306 2153 ἤδη
345 2100 405 2151 τῷ
435 2098 569 2152 χρόνῳ
607 2099 736 2150 γῆρας
771 2094 965 2152 ἀπολαύῃ
987 2097 1026 2151 4)
1067 2099 1180 2148 τινὸς
1204 2099 1381 2155 ἡδονῆς,
1412 2106 1498 2152 πᾶς
1524 2101 1566 2146 δ’

230 2179 252 2218 ὁ
281 2175 372 2231 βίος
399 2174 643 2229 ἀφαιρεθεὶς
663 2174 696 2222 5)
728 2175 806 2226 τὴν
835 2171 1092 2225 γλῶττανέν
1122 2179 1328 2233 κωφότητι
1356 2178 1481 2238 διάγῃ
1501 2179 1566 2233 6);

281 2372 312 2416 ¹)
338 2371 376 2404 D.
403 2363 580 2416 ἔλλειψιν
602 2366 793 2418 ἀκρίβεια.
820 2390 867 2397 —-
894 2372 935 2405 Α.
962 2368 1139 2419 ἔκλειψιν
1163 2370 1374 2422 ἀκρίβειαν.

280 2441 311 2485 ³)
337 2441 376 2473 A.
403 2437 529 2487 ἄριστ’
553 2438 602 2475 ἄν
619 2438 642 2474 ὁ
664 2441 835 2489 πόλεμος
856 2440 1138 2489 συνηγωνίζετο.

279 2509 311 2555 5)
337 2511 376 2544 A.
402 2508 469 2545 διὰ
496 2509 544 2555 δὴ
571 2510 709 2547 πάντα.
733 2531 780 2538 -
808 2513 845 2545 D.
873 2509 1127 2560 ἀθρήσαντες.

281 2580 309 2624 ¹⁴)
338 2581 390 2613 lta
417 2580 455 2614 Α.
482 2600 528 2605 -
556 2581 594 2614 D.
624 2579 647 2615 ὁ
672 2578 901 2630 παρηβηκώς
936 2580 1006 2627 ἤδη
1035 2581 1088 2630 τῷ
1112 2581 1242 2630 χρόνῳ
1268 2584 1337 2619 τοῦ
1362 2581 1483 2634 γήρως
1517 2567 1594 2634 μ’ἠῤ

233 2647 421 2696 ἀπολαύῃ.

280 2720 313 2765 ⁵)
340 2722 379 2754 Α.
410 2716 644 2768 ἀναιρεθείς.
847 2722 881 2767 ὃ)
906 2722 959 2757 lta
986 2723 1024 2756 Α.
1053 2741 1098 2748 -
1125 2722 1163 2757 D.
1183 2720 1310 2771 διάξῃ.

283 2788 321 2834 d)
347 2788 408 2824 Od.
436 2791 475 2827 Ξ.
503 2801 531 2825 v.
555 2792 637 2826 162.
