1676 3334
772 303 1028 348 ...66-

298 435 388 490 Tm
401 437 479 491 μὲν
497 434 642 490 ”Αρης
656 463 667 484 .
687 435 754 477 ὅτε
771 451 842 488 μιν
860 422 991 482 ςΩτος
1007 435 1198 489 κρατερός
1214 433 1252 476 τ’
1268 431 1495 498 Ἐφιάλτης
1513 467 1525 486 ,

296 512 454 563 Παῖδες
481 510 668 566 Ἀλωῆος
681 543 692 562 ,
726 510 857 566 δῆσαν
886 513 1067 567 κρατερῷ
1097 511 1160 554 ἐνὶ
1189 509 1335 567 δεσμῷ.
1359 511 1401 567 ⁰.)

260 628 298 685 2)
326 630 514 683 yevvwol
552 631 632 686 γὰρ
658 619 771 672 οὗτοι
802 627 873 670 καὶ
907 626 1001 669 κατ’
1039 625 1173 681 οέλκὴν
1213 629 1371 684 ἰσχυροὶ
1410 629 1574 672 νεανίαι

237 795 328 838 ξεως
350 792 595 844 δ’ὲπομβρία.
644 792 859 829 Vocabulum
895 785 1013 829 αὗται
1041 791 1214 828 Schowius
1241 791 1286 828 ad
1310 804 1451 838 omnes,
1482 805 1571 843 quae

236 864 392 914 deinceps
408 869 622 914 sequuntur,
646 860 751 899 refert
773 860 975 911 allegorias,
1001 873 1113 910 quum
1138 859 1226 895 mihi
1251 873 1358 896 unam
1377 860 1420 897 de
1441 860 1572 898 Aloidis

236 932 392 970 fabulam
417 932 580 970 indicasse
603 931 765 970 videatur
781 930 925 980 scriptor
938 929 991 965 his
1017 928 1212 965 vocabulis:
1241 923 1358 968 αὗται
1372 931 1455 969 δἀἱ
1475 944 1572 983 παρ-

235 1001 415 1052 εκβάσεις
437 1001 512 1038 τῶν
532 999 728 1052 προτέρων
748 999 1006 1050 ἄλληγοριῶν,
1033 998 1088 1035 δι’
1115 988 1167 1035 ὧν
1202 1001 1266 1036 καὶ
1295 1001 1572 1052 τεχνικωτέραν

235 1071 392 1119 ἔχουσιν
417 1070 634 1122 ἑρμήνειαν.
680 1074 783 1118 'Quae
807 1071 857 1107 ita
893 1070 1117 1118 interpretor:
1157 1068 1255 1115 Quae
1278 1069 1351 1105 iam
1375 1071 1572 1120 sequuntur

235 1142 316 1188 (nee
336 1146 412 1186 est,
438 1153 504 1177 cur
523 1139 561 1176 in
580 1153 619 1177 eo
639 1139 861 1184 haereamus,
887 1137 981 1189 quod
994 1130 1043 1175 αὗ
1049 1151 1133 1184 ται,
1157 1150 1222 1174 nec
1235 1137 1327 1188 quod
1339 1138 1451 1177 dicere
1469 1139 1570 1179 debe·

231 1208 319 1256 bat,
346 1209 388 1247 αἱ
414 1207 480 1256 δέ,
517 1209 689 1258 scripserit
713 1208 923 1255 Heraclitus)
954 1207 1004 1243 ad
1025 1207 1226 1257 superiores
1259 1207 1450 1259 allegorias
1484 1215 1571 1247 sunt

232 1285 412 1329 tamquam
446 1291 640 1323 excursum
662 1277 754 1315 unde
779 1278 820 1324 (a
843 1277 990 1327 quibus)
1021 1278 1129 1313 etiam
1158 1278 1274 1327 magis
1303 1285 1570 1333 consentaneam

231 1349 486 1386 nanciscuntur
509 1348 858 1398 interpretationem5
882 1347 916 1383 h.
941 1360 969 1383 e.
991 1347 1181 1399 episodium
1203 1347 1246 1384 de
1270 1350 1336 1384 Oto
1355 1355 1391 1384 et
1407 1345 1568 1398 Ephialte

231 1419 476 1470 allegoriarum
502 1418 545 1455 de
570 1421 676 1455 Marte
701 1423 752 1454 est
782 1417 891 1453 veluti
906 1430 983 1466 pars
1007 1431 1120 1467 neque
1140 1417 1229 1454 bene
1249 1415 1411 1468 explicari
1433 1423 1567 1468 potest,

229 1487 298 1526 uisi
321 1487 486 1525 adhibitis
507 1487 550 1524 iis
563 1513 575 1533 ‚
599 1499 689 1538 quae
708 1485 751 1523 de
775 1486 848 1534 ipso
869 1488 976 1522 Marte
987 1485 1025 1522 in
1049 1487 1282 1537 superioribus
1299 1493 1383 1524 sunt
1406 1488 1566 1537 exposita.

227 1559 343 1608 Neque
354 1556 507 1614 mirum,
531 1555 624 1607 quod
637 1555 767 1606 plurali
788 1554 1042 1606 παρεκβάσεις
1066 1569 1148 1593 usus
1168 1557 1224 1594 sit.
1250 1560 1306 1594 Ita
1327 1557 1421 1594 enim
1444 1557 1566 1603 nolent.

228 1625 278 1664 Cf.
302 1626 399 1663 Dioda
428 1626 497 1663 sie.
531 1629 561 1663 1.
588 1629 637 1662 37
661 1625 724 1663 ἴνα
755 1627 807 1675 μή
828 1628 977 1677 μακράς
1003 1628 1175 1677 ποιῶμεν
1203 1628 1271 1671 τὰς
1297 1611 1566 1680 παρεκβάσεις.1

276 1698 307 1745 ¹)
332 1696 637 1734 Praestantissimis
667 1709 749 1733 usus
773 1698 852 1734 Cod.
878 1702 919 1735 A.
945 1704 1051 1748 atque
1074 1697 1185 1735 Selnol.
1212 1698 1426 1735 lectionibus·
1444 1697 1567 1736 redin-

224 1766 356 1815 tegravi
376 1765 471 1802 hunc
488 1766 531 1803 de
550 1765 678 1803 Aloidis
696 1764 817 1803 locum
830 1793 842 1813 ‚
857 1766 937 1817 qui,
961 1766 1130 1817 quomodo
1143 1767 1248 1816 vulgo
1262 1765 1450 1814 edebatur,
1472 1773 1564 1805 recte

225 1848 337 1886 neque
359 1835 512 1886 intelligi
537 1835 676 1885 potuit,
702 1849 815 1886 neque
838 1835 1008 1886 explicari.
1048 1836 1149 1884 Quod
1173 1849 1243 1886 quo
1269 1835 1486 1874 manifestius
1505 1851 1564 1889 ap·

225 1910 366 1952 pareat,
390 1910 528 1940 textum
553 1918 739 1954 proponam
752 1931 764 1951 ‚
789 1905 960 1955 quomodo
981 1904 1018 1941 in
1038 1905 1236 1942 Schowiana
1259 1900 1415 1942 editione
1429 1913 1562 1944 exstat:

276 1973 423 2022 γενικοὶ
445 1973 515 2023 γὰρ
539 1966 655 2011 οὗτοι
676 1974 715 2011 οἱ
739 1977 825 2011 κατ’
849 1973 968 2021 ἀλκήν
988 1977 1139 2012 νεανίαι
1170 1976 1337 2024 ταραχῆς
1359 1975 1425 2012 καὶ
1446 1975 1564 2013 πολέ-

225 2055 300 2091 μου
322 2043 467 2091 μεστόν
491 2042 633 2091 ᾔδεσαν
654 2042 722 2080 τὸν
747 2042 854 2091 βίον,
889 2043 1076 2093 οὐδεμιᾶς
1096 2046 1291 2095 εἰρηνικῆς
1315 2044 1560 2089 ἀναπαύσεως

224 2108 342 2160 μέσης
367 2114 461 2156 τούς
483 2117 570 2162 παρ’
601 2110 744 2151 ἕκαστα
777 2104 995 2162 κάμνοντας
1012 2114 1144 2162 ἀνοίης
1158 2143 1168 2160 ,
1197 2115 1316 2158 ἰδιόις
1335 2116 1474 2160 ὅπλοις
1495 2113 1562 2156 ἕκ-

224 2183 548 2234 στρατευσάμενοι
585 2182 654 2230 τήν
681 2180 990 2226 ἐπιπολάζουσαν
1020 2184 1159 2233 ἀηδίαν
1197 2185 1430 2235 α’νέστηλαν·
1467 2184 1559 2238 ἄχρι

224 2252 295 2302 μὲν
316 2243 391 2291 οὖν
415 2253 664 2305 τρισκαίδεκα
685 2255 834 2303 μηνῶν,
864 2254 1021 2304 οἷκλινής
1046 2259 1112 2294 καὶ
1138 2251 1397 2300 ἀστασίαστος
1431 2258 1560 2296 αὐτῶν

224 2322 248 2360 ὁ
272 2318 401 2369 οἶκος,
438 2322 480 2360 ἒν
516 2323 676 2375 ὁμονοία
711 2339 752 2362 τε
779 2325 848 2373 τήν
882 2327 1035 2378 εἰρήνην
1065 2328 1355 2379 διεστρατήγει·
1392 2331 1557 2379 μητρυιά

221 2391 266 2430 δὲ
290 2397 606 2443 παρεισπεσοῦσα
636 2396 701 2432 καὶ
725 2397 951 2443 φιλόνεικος
977 2399 1103 2440 οἰκίας
1127 2399 1243 2440 νόσος
1275 2397 1460 2448 ἀνέτρεψε
1490 2400 1557 2447 τήν

220 2462 409 2514 προτέραν
438 2463 692 2503 εὐστάθειαν.
748 2469 788 2502 In
826 2467 953 2517 quibus
984 2469 1057 2505 sine
1085 2468 1243 2505 codicum
1267 2469 1473 2505 auctoritate
1502 2470 1555 2506 nil

220 2532 379 2579 mutavi,
403 2534 469 2570 nisi
488 2533 582 2584 quod
612 2535 740 2571 sustuli
772 2531 879 2573 οἶκον
904 2537 1029 2583 illum,
1062 2537 1128 2584 τήν
1145 2537 1298 2587 εἰρήνην
1323 2539 1555 2589 διαστρατη-

219 2605 383 2655 γοῦντα,
409 2602 545 2640 insertis
568 2603 743 2641 vocabulis
758 2608 791 2641 τ’
806 2600 873 2653 ἦν,
901 2612 1006 2656 atque
1029 2606 1294 2658 διεστρατήγει
1314 2607 1351 2644 in
1368 2608 1552 2660 ’διεστρα-

219 2673 355 2726 τήγουν
375 2678 533 2710 correcto.
584 2676 757 2713 Praeterea
783 2689 843 2726 pro
866 2676 1053 2728 προτέραν
1079 2678 1196 2728 scripsi
1222 2680 1419 2730 πρότερον.

261 2766 300 2812 α)
323 2767 364 2802 V.
393 2764 432 2800 ΙΙ.
458 2768 503 2800 Ε.
530 2767 655 2801 v.385.
