1676 3334
731 310 982 355 ...7οψ

197 443 371 500 οὐρανὸν
407 442 551 498 ἀφίησι
590 444 651 484 τὰ,
678 441 779 492 τόξα
804 439 852 489 ι).
883 442 967 488 πᾶς
999 439 1078 491 γὰρ
1114 436 1219 492 ἀνὴρ
1239 441 1276 488 2)
1307 435 1527 492 φιλόσοφος

198 524 245 566 ἐν
272 523 418 576 θνητῷ
454 520 526 562 καὶ
546 518 585 574 3)
629 520 799 573 ἐπινείῳ
834 519 894 573 τῷ
915 517 950 566 4)
994 517 1152 570 σώματι
1187 515 1352 569 πτηνὸν
1389 513 1528 569 ὥσπερ

198 608 240 641 τι
264 596 386 654 βέλος
401 628 411 647 ,
443 598 518 640 τὸν
542 598 640 640 νοῦν
658 626 668 646 ,
685 597 743 645 εἷς
764 596 818 637 τὰ
829 597 1028 649 μετάρσια
1044 590 1326 646 διαπέμπεται
1347 591 1403 647 5).
1433 607 1527 648 τεχ-

196 676 323 724 νικῶς
345 673 391 718 δὲ
416 671 678 729 προσέθηκεν
715 671 874 715 εῖπὼν·
908 672 956 726 ἰῷ
981 668 1226 725 τριγλώχινι
1261 666 1422 724 βαλών.
1450 668 1527 712 ἵνα

196 750 267 794 διὰ
305 752 510 805 συντόμου
549 752 627 803 τὴν
657 751 822 804 τριμερῆ
856 744 1105 801 φιλοσοφίαν
1140 746 1223 788 ὑπὸ
1249 747 1320 788 τοῦ
1347 742 1529 800 τριγλώ-

196 844 310 884 χινος
348 829 590 882 ὑποσημήνῃ
635 823 784 881 βέλους
806 824 859 874 6).
917 823 1035 866 Μεθ’
1066 821 1212 879 εἨραν
1239 821 1284 865 δὲ
1303 822 1529 872 τετόξευκε
1584 877 1587 879 Β

192 905 265 948 καὶ
294 905 368 949 τὸν
390 903 558 958 εἈιδην
579 901 637 959 7).
667 901 801 965 οὐδεὶς
826 901 904 955 γὰρ
925 901 1086 955 ἄβατος
1113 898 1335 954 φιλοσοφίᾳ
1378 902 1523 956 χῶρος.

193 981 304 1031 ἀλλὰ
341 982 444 1037 μετὰ
485 981 560 1024 τὸν
603 979 782 1036 οὐρανὸν
819 977 853 1031 8)
898 977 1067 1032 ἐζήτηκε
1102 975 1142 1030 9)
1183 978 1260 1030 τὴν
1305 981 1528 1023 κατωτάτω

192 1063 342 1114 φύσιν,
387 1060 462 1103 ἵνα
495 1056 599 1114 μηδὲ
633 1060 719 1101 τῶν
766 1054 918 1112 νέρθεν
957 1054 1138 1109 οἷμιΙηι-ος
1175 1050 1202 1109 ᾖ
1231 1055 1302 1104 ¹0).
1345 1051 1527 1106 1620&ae

193 1225 237 1263 ab
267 1225 364 1262 ὅθεν
398 1223 477 1261 ἀπό
501 1235 610 1273 usque
634 1222 678 1259 ad
704 1221 804 1259 ὥσθ’
846 1218 1097 1271 Ἡρακλέους.
1158 1218 1293 1256 ludicat
1321 1218 1439 1264 enim,
1460 1219 1527 1269 qui

193 1295 284 1332 alter
303 1293 500 1343 supervenit
529 1291 731 1337 scholiasta,
756 1291 849 1327 nolle
871 1304 906 1327 se
929 1296 1007 1327 acta
1027 1301 1150 1338 agere,
1175 1286 1294 1324 eadem
1318 1287 1526 1338 repetendo,

193 1376 281 1414 quae
299 1363 371 1399 iam
403 1367 574 1398 exstarent
594 1361 634 1396 in
657 1360 791 1398 Scholio
816 1359 859 1396 ad
884 1360 929 1398 11.
943 1361 981 1395 Ε.
1004 1360 1087 1394 392.
1113 1356 1213 1405 Quod
1237 1370 1258 1394 a
1278 1356 1391 1409 prima
1420 1369 1528 1411 manu

193 1432 230 1468 in
254 1431 366 1481 prima
389 1430 544 1480 margine
573 1430 766 1479 scriptum,
792 1429 857 1466 sub
882 1429 1048 1465 lemmate
1081 1428 1151 1474 τλῆ
1176 1427 1211 1464 δ’
1246 1429 1356 1477 “an
1387 1438 1425 1463 re
1449 1417 1528 1464 vera

193 1500 360 1537 vocabula
384 1500 536 1536 continet
550 1523 561 1542 ‚
591 1513 678 1550 quae
702 1499 764 1536 hoc
789 1499 862 1535 loeo
886 1497 1136 1534 desiderantur.

243 1572 274 1617 ¹)
300 1569 411 1606 Schol.
436 1569 539 1618 βέλη.
764 1571 796 1617 5²)
823 1570 899 1604 Om.
928 1581 983 1617 ap.
1006 1566 1118 1602 Schol.

240 1641 272 1687 5)
297 1639 429 1690 θνητῷ
449 1642 514 1677 καὶ
533 1652 602 1676 om.
627 1652 681 1688 ap.
706 1637 818 1675 Schol.
990 1637 1024 1685 4)
1050 1636 1102 1686 τῷ
1123 1649 1191 1672 om.
1216 1650 1268 1686 ap.
1293 1635 1405 1673 Schol.

241 1711 273 1756 ⁵)
298 1710 389 1746 Satis
423 1709 607 1760 singularis
631 1708 668 1746 h.
696 1708 727 1746 l.
760 1706 857 1744 verbi
892 1705 1151 1756 διαπέμπεται
1183 1719 1286 1753 usus;
1323 1697 1530 1755 exspectares

194 1777 346 1816 ἀνίεται
380 1779 435 1815 vel
459 1778 573 1815 simile
599 1778 711 1829 quid,
700 1791 710 1801 ·
742 1789 854 1827 neque
885 1775 1145 1827 διαπέμπεται
1182 1774 1226 1812 ab
1256 1775 1329 1825 ipso
1353 1773 1527 1811 Heraclito

195 1849 365 1898 scriptum
389 1862 459 1885 esse
482 1861 611 1885 censeo.

244 1919 276 1964 6)
302 1916 350 1954 cf.
370 1919 520 1954 Damaso.
535 1929 573 1953 π.
588 1916 675 1966 ἀρχ.
697 1931 730 1966 p.
740 1920 811 1953 309
832 1917 902 1965 (ed.
914 1920 1063 1967 Koppst)
1087 1917 1154 1954 καὶ
1171 1915 1317 1964 μήποτε
1334 1913 1402 1951 δια
1415 1917 1532 1952 τοῦτο

197 1986 403 2037 τριγλώχις
434 1986 662 2036 ἀνυμνεϊται
691 1986 714 2023 ὁ
737 1986 854 2033 θεὸς,
897 1987 973 2032 οὐχ
1005 1988 1071 2024 ὅτι
1095 1986 1262 2037 τριάδων
1283 1985 1525 2033 ὑποστάτης,

195 2059 342 2106 μᾶλλον
373 2056 416 2095 δὲ
457 2057 779 2099 ἀντεπιτακτικός
817 2058 885 2103 τῆς
923 2056 1123 2107 τριαδικῇς
1159 2054 1402 2106 διαιρέσεως,
1441 2054 1528 2092 ἀλλ’

195 2129 291 2175 οὐχὶ
316 2129 533 2175 ποιητικός.

243 2201 275 2247 7)
301 2202 389 2235 Haec
407 2199 524 2235 omnia
554 2199 750 2248 συντόμως
774 2198 826 2234 ita
853 2197 1022 2248 leguntur
1042 2210 1095 2247 ap.
1123 2195 1366 2233 Scholiastam:
1399 2195 1467 2233 διὰ
1485 2195 1529 2234 δὲ
1566 2233 1571 2240 ,

196 2271 266 2305 τοῦ
298 2268 483 2320 τριγώνου
505 2268 640 2318 βέλους
660 2269 682 2316 ἡ
706 2267 882 2319 τριμερής
919 2267 1007 2317 ἡμῖν
1038 2268 1256 2315 φιλοσοφία
1285 2265 1525 2312 δεδήλωται·

194 2339 289 2387 μετὰ
313 2338 356 2377 δὲ
375 2343 506 2390 “Ἠραν
529 2341 679 2381 τοξεύει
702 2340 904 2387 ·’Λιδην.-
929 2338 1103 2375 Schowius
1128 2338 1218 2387 μεθ’
1243 2336 1407 2387 ἡμέραν,
1434 2337 1527 2388 quod

197 2416 250 2446 est
272 2410 378 2446 etiam
394 2410 431 2446 in
456 2410 559 2447 Codd.

245 2481 278 2527 ⁸)
302 2483 356 2516 Ita
381 2479 491 2516 Schol.
517 2499 565 2507 -—-
589 2479 717 2515 Schow.
743 2481 824 2527 μετ’
854 2477 1034 2528 οὐρανόν.

241 2551 273 2596 9)
299 2548 427 2584 Schow.
452 2547 622 2596 ἐζήτησε.

241 2619 286 2665 ¹⁰)
311 2621 374 2654 Pro
399 2618 570 2654 vocabulis
604 2618 666 2655 ἵνα
687 2616 782 2666 μηδὲ
807 2617 882 2653 τῶν
910 2616 1048 2666 νέρθεν
1072 2615 1240 2664 ἀμύητος
1271 2619 1292 2663 ᾖ
1315 2615 1405 2665 apud
1422 2615 1524 2652 Scho-

190 2687 330 2723 liastam
365 2685 447 2722 haec
472 2687 719 2723 inveniuntur:
755 2686 819 2724 διὸ
845 2689 910 2723 καὶ
953 2685 1231 2733 ἀνεληλυθέναι
1272 2687 1337 2725 τὸν
1379 2686 1523 2734 ”Λιδην

189 2759 307 2804 φησὶ,
337 2760 542 2806 μονονουχὶ
567 2759 765 2796 συνάπτων
792 2758 903 2807 ἄμφω
927 2759 993 2800 τὰς
1019 2758 1176 2809 γνώμας.
