1734 3386
787 356 847 365 --
885 345 966 377 vm
1004 355 1061 364 -“

327 473 369 514 2.
421 463 604 512 Conradi
633 464 807 507 Gesneri
834 461 966 506 editio
987 494 999 513 ,
1032 473 1140 519 quae
1171 456 1338 516 vulgata
1375 462 1437 498 est
1476 453 1596 498 Basi-

266 552 355 594 leae
388 550 518 592 1544.
582 545 736 589 Textus
763 542 813 585 ad
847 541 1046 586 Aldinam
1077 538 1309 583 editionem
1337 545 1400 580 est
1425 535 1594 594 exPres-

263 647 349 675 sus.
414 627 568 672 Addita
606 634 669 669 est
712 623 849 669 versio
886 622 1069 673 Latina,
1117 634 1244 680 quam
1285 619 1361 678 qui
1399 622 1596 663 accurate

263 688 523 767 contulerit,
556 707 599 750 in
629 721 676 749 ea
709 703 920 761 intelliget
949 701 1083 745 multa
1111 716 1134 743 ι
1163 701 1352 745 Gesnero
1392 697 1597 756 sagaciter

263 806 350 834 esse
381 795 540 832 mutata
571 793 698 844 atque
715 791 932 834 correcta,
964 796 1072 841 quae
1105 780 1147 824 in
1177 781 1268 839 ipso
1298 785 1416 823 textu
1433 778 1599 822 Graeco

265 869 488 921 emendare
516 865 711 924 religioni
745 862 942 906 ducebat.

324 954 381 1001 3,
416 948 611 1007 Repetita
639 953 700 988 est
733 942 911 988 Gesneri
950 940 1085 985 editio
1127 940 1179 984 ed
1219 940 1378 984 calcem
1420 939 1598 985 Homeri

265 1031 473 1088 Odysseae
489 1061 502 1080 ,
535 1041 643 1086 quae
659 1024 771 1085 apud
790 1024 1034 1083 Vignonum
1063 1020 1227 1081 prodiit
1250 1020 1596 1078 a.11586.›Qn0d

262 1125 360 1168 prae
393 1107 566 1152 Gesneri
610 1105 796 1150 editione
835 1103 916 1146 sibi
947 1101 1077 1145 habet
1108 1101 1324 1161 peculiare
1344 1134 1355 1153 ,
1387 1107 1487 1145 sunt
1519 1100 1596 1144 ed-
1666 1149 1668 1152 y

263 1191 397 1232 iectae
441 1185 613 1230 Mazerii
659 1183 863 1235 notulae,
911 1198 1019 1242 quae
1071 1181 1131 1225 nil
1173 1181 1289 1228 aliud
1343 1182 1595 1233 continent,

261 1247 392 1327 ¹quam
415 1268 530 1310 locos
566 1265 842 1314 Homericos,
870 1263 946 1322 qui
973 1263 1016 1304 in
1049 1260 1276 1320 Allegoriis
1305 1253 1557 1306 occurrunte

327 1354 368 1393 4.
417 1348 582 1391 Primus
612 1360 719 1388 nova
753 1343 908 1387 auxilia
943 1343 1078 1386 textui
1105 1341 1371 1386 emendando
1400 1341 1598 1386 adhibuit

266 1429 347 1474 Th.
376 1428 559 1479 Galeus,
589 1426 664 1485 qui
691 1439 791 1468 usus
828 1432 892 1467 est
921 1422 1104 1475 Codice,
1139 1438 1266 1481 quem
1299 1423 1471 1466 nomine
1508 1422 1600 1467 lia·

266 1510 472 1567 nuscripti
503 1506 671 1566 Anglici
717 1505 982 1564 designavit,
1016 1511 1264 1562 textumque
1306 1503 1598 1561 Heracliteum

266 1587 632 1648 praestantissimis
673 1585 840 1630 Codicis
881 1583 1139 1628 lectionibus
1182 1585 1359 1643 suisque
1397 1583 1599 1628 emenda-

173 1672 190 1686 ²
265 1669 449 1712 tionibus
493 1668 674 1725 receptis
705 1665 901 1709 exhibuit
930 1666 971 1708 in
1005 1663 1232 1724 Opusculis
1265 1664 1598 1723 Mythologicis,

267 1749 500 1794 Amstelod.
530 1748 673 1798 1688,
705 1761 801 1805 pag.
831 1746 1084 1790 407-498,
1127 1783 1129 1785 ,

326 1833 367 1872 5.
415 1827 658 1887 Superioris
699 1826 883 1884 denique
928 1824 1085 1868 saeculi
1126 1840 1237 1869 anno
1270 1827 1329 1868 82
1372 1825 1600 1887 Gottingae

265 1908 425 1968 prodiit
461 1907 668 1951 Heracliti
708 1906 841 1950 editio
889 1904 1159 1950 Schowiana.
1226 1906 1382 1950 Textus
1413 1906 1600 1951 Galeano

266 1988 378 2031 haud
410 1996 472 2031 est
503 1985 793 2039 emendatior,
825 1980 959 2043 quum
990 1985 1189 2030 Schowio
1219 1994 1388 2045 praeter
1423 1987 1599 2031 Gesneri
1635 1982 1637 1986 ’

269 2067 478 2125 Galeique
516 2065 722 2118 editiones
768 2063 987 2122 (Aldinam
1041 2066 1154 2110 enim
1198 2080 1284 2109 non
1310 2102 1312 2104 .
1338 2067 1598 2124 contulerat)

267 2147 382 2190 nulla
427 2146 488 2188 in.
509 2151 711 2204 promptu
755 2143 916 2188 fuerint
959 2144 1145 2188 subsidia
1171 2166 1173 2170 ·
1196 2146 1373 2199 critica„
1396 2163 1408 2186 τ
1443 2148 1601 2191 Tamen

268 2227 379 2269 haud
419 2227 474 2269 ita
510 2239 667 2284 paucos
709 2223 825 2267 locos
871 2224 1601 2276 Heracliteosviu·annotationibus

268 2317 339 2349 aut
370 2307 463 2364 ipse
490 2304 732 2358 emendavit
767 2311 839 2347 aut
863 2304 1011 2348 futuro
1036 2303 1197 2357 editori·
1222 2305 1495 2364 corruptelae
1527 2322 1598 2351 se-

269 2386 365 2429 dem
395 2385 623 2429 indicando
654 2386 763 2428 viam
791 2385 991 2430 munivit.
1054 2385 1282 2428 praemissa
1316 2394 1382 2429 est
1419 2387 1597 2446 epistola

269 2465 318 2510 C.
348 2465 402 2509 G.
431 2465 589 2522 Heynii
627 2464 679 2507 ad
719 2464 930 2508 editorem
949 2496 965 2516 ‚f
994 2465 1038 2508 in
1077 2479 1161 2524 qua
1207 2470 1601 2514 »commemoravit

269 2545 501 2596 nonnulla,
534 2559 645 2603 quae
666 2559 765 2587 cum
792 2543 990 2588 humidae
1028 2544 1153 2603 prelo
1180 2545 1379 2604 plagulae
1415 2546 1467 2590 ad
1501 2562 1598 2592 eum

268 2625 542 2676 afferrentur,
588 2624 883 2671 subnotaverat
923 2632 965 2667 et
1004 2624 1408 2673 animadverterat.”
1483 2628 1602 2684 Quae

272 2705 427 2762 Heynii
472 2705 762 2747 annotationes
813 2712 979 2762 praeter
1024 2705 1162 2747 futilia
1213 2707 1416 2750 nonnulla
1462 2709 1594 2752 multa

273 2785 491 2827 continent
533 2798 733 2842 perquam
770 2785 917 2836 utilia,
955 2785 993 2826 id
1030 2785 1141 2843 quod
1175 2798 1220 2829 ex
1253 2789 1596 2833 annotationibus
