1676 3334
764 321 1019 365 —148—

220 453 341 497 ὖλικά
369 469 495 508 φασιν
521 449 656 503 εἶναι,
689 455 766 505 γῆν
801 466 844 493 τε
886 450 958 491 καὶ
988 448 1124 505 ὕδωρ,
1170 448 1242 492 δύο
1282 449 1326 492 δὲ
1367 465 1555 504 πνευμα-

220 534 318 574 τικὰ
335 564 348 584 ,
380 531 532 586 αἰθέρα
570 546 615 573 τε
643 530 713 571 καὶ
748 527 880 582 οἷέρα,
909 528 1064 569 τούτων
1093 525 1137 567 δὲ
1165 529 1240 575 τὰς
1278 530 1439 586 φύσεις,
1472 525 1553 590 ἀλ,-

220 609 364 662 λήλαις
395 608 568 653 ἐναντία
594 607 848 662 φρονούσας,
879 604 982 646 ὅταν
1007 604 1066 652 εἷς
1093 605 1141 645 τὸ
1172 603 1275 646 αὐτὸ
1305 606 1518 660 κραθῶσιν
1534 633 1548 654 ,

218 687 420 740 ὁμονοεῖν.

648 779 735 824 ΟΔ
754 778 894 823 PUT
941 775 1107 822 XXIII.

272 891 373 957 3Ἆρ’
415 897 517 951 οὖν,
564 894 699 948 εἴτις
736 897 855 941 θέλει
878 901 911 949 ¹)
955 896 1140 952 τάληθὲς
1179 897 1410 949 ἐξετάζειν,
1459 898 1552 955 οὐχὶ

214 981 285 1022 καὶ
325 982 456 1022 ταῦτα
494 979 547 1020 τὰ
574 980 756 1033 στοιχεῖα
789 976 887 1031 παρ’
927 974 1092 1030 Ὁμήρῳ
1133 974 1449 1029 φιλοσοφεῖται;
1478 976 1553 1018 καὶ

212 1058 306 1111 περὶ
331 1057 408 1110 μὲν
438 1057 524 1098 τῶν
553 1053 696 1110 οἨρας
725 1053 912 1108 δεσμῶν,
946 1054 993 1097 ἐν
1032 1051 1094 1101 οἷς
1121 1056 1149 1107 η’
1175 1053 1293 1102 τάξις
1319 1049 1554 1109 ἡλληγόρη-

211 1149 283 1175 ται
312 1134 398 1176 τῶν
436 1135 641 1186 τεττάρων
674 1131 883 1187 στοιχείων
901 1159 915 1180 ,
948 1129 1231 1185 εὐκαιρότερον
1272 1125 1400 1179 αὖθις
1435 1131 1550 1186 ἐροῦ-

211 1221 311 1263 μεν·
339 1212 416 1253 νῦν
443 1208 482 1251 δ’
507 1209 747 1265 οἶποχρῶσιν
779 1208 820 1249 οἱ
842 1208 949 1250 κατὰ
967 1210 1042 1261 τὴν
1069 1207 1213 1264 τρίτην
1233 1205 1458 1264 ῥαψῳδίαν
1478 1207 1551 1264 δρ-

211 1301 278 1328 mn
304 1287 351 1328 τὸ
378 1284 597 1339 λεγόμενον
631 1283 701 1338 ὑφ’
730 1286 846 1338 ἡμῶν
873 1285 1131 1341 βεβαιῶσαι·
1370 1270 1372 1274 ¹
1438 1286 1441 1293 '

266 1385 348 1425 Ζεῦ
378 1381 565 1433 κύδιστε,
596 1381 790 1437 μέγιστε,
823 1381 1089 1436 κελαινεφὲς,
1123 1381 1266 1439 αῖθέρι
1294 1381 1460 1434 ναίων,
1492 1421 1493 1424 ,

266 1459 440 1509 Ἠέλιός
466 1459 515 1501 θ’
543 1460 588 1509 ὃς
615 1459 742 1502 πάντ’
773 1461 950 1515 ἐφορᾷς,
985 1460 1056 1501 καὶ
1084 1460 1209 1502 πάντ’
1242 1451 1487 1512 ἐπακοῦεις,
1527 1506 1532 1514 ,

263 1537 354 1579 Καὶ
381 1538 562 1591 ποταμοὶ
591 1538 662 1579 καὶ
693 1542 814 1590 γαῖα,
847 1537 918 1579 καὶ
947 1540 987 1579 οἳ
1013 1536 1221 1591 ὑπένερθε
1252 1540 1462 1592 καμόντας

264 1614 549 1670 Ἀνθρώπους
563 1615 783 1664 τίνυσθον,
805 1614 828 1656 ὃ
858 1614 920 1663 τίς
939 1613 979 1656 κ’
997 1602 1191 1670 ἐπίορκον
1214 1614 1381 1671 ὀμόσσῃ.
1406 1616 1449 1672 a)
1471 1613 1512 1671 2)

254 1771 286 1816 ⁸)
310 1768 415 1805 eodd.
434 1767 564 1807 θέλον.

253 1839 287 1885 ⁸)
312 1839 477 1885 Quamvis
509 1839 616 1875 etiam
641 1839 812 1888 superiore
845 1837 995 1888 quodam
1027 1836 1102 1874 loco
1138 1836 1257 1874 eodem
1287 1837 1414 1885 modo,
1438 1843 1546 1890 atque

203 1905 281 1951 hic,
302 1919 397 1942 secus
421 1919 461 1942 ac
485 1907 590 1955 vulgo
615 1906 751 1952 fertur,
777 1907 933 1956 primum
957 1906 1085 1943 horum
1106 1920 1271 1943 versuum
1283 1907 1545 1946 Homerioo'rum

202 1972 288 2010 citet
311 1974 529 2020 Heraclitus,
567 1987 680 2024 neque
705 1975 897 2011 verosimile
922 1975 969 2011 sit
983 2005 995 2024 ,
1026 1976 1118 2025 quod
1143 1976 1242 2012 Galio
1266 1976 1485 2027 Schowioque
1505 1978 1544 2014 in

201 2050 357 2080 mentem
375 2044 488 2090 venit,
501 2044 656 2094 primum
670 2056 807 2080 versum
821 2044 970 2080 secundo
983 2044 1025 2080 11.
1038 2044 1129 2080 libro
1148 2044 1268 2092 (11.11.
1280 2048 1380 2093 412),
1393 2046 1544 2097 reliquos

201 2112 306 2149 tertio
341 2112 595 2163 assignantibus
610 2146 622 2165 ,
656 2127 768 2164 quum
795 2120 831 2150 et
853 2114 924 2163 ipse
947 2114 1143 2150 Heraclitus
1183 2117 1307 2158 »τούς
1341 2118 1439 2154 κατὰ
1474 2117 1542 2165 τήν

199 2184 334 2232 τρίτην
354 2181 554 2231 ῥαψῳδίαν
577 2183 742 2232 ὅρκους”
770 2183 978 2233 διαρρήδην
995 2183 1146 2233 appellet
1164 2212 1175 2230 ‚
1197 2186 1356 2235 quamvis
1367 2178 1545 2236 praeterea

202 2253 321 2289 eodem
346 2252 446 2288 modo
471 2252 636 2290 laudatus
661 2266 777 2290 versus
800 2259 848 2290 Γ.
863 2256 936 2290 276
959 2254 1160 2290 inveniatur
1183 2255 1276 2305 apud
1302 2256 1481 2293 Herodian.
1506 2257 1544 2302 d.¹

199 2321 326 2357 Soloec.
355 2335 387 2370 p.
400 2324 495 2358 198:
528 2329 647 2358 tamen
674 2323 736 2358 Ιιοο
761 2323 836 2359 loco
862 2336 939 2360 eam
961 2322 1111 2359 arbitror
1133 2323 1361 2365 revocandam
1380 2337 1450 2362 esse
1469 2325 1545 2362 lec-

198 2392 352 2436 tionem,
376 2404 464 2441 quae
481 2391 621 2441 vulgata
634 2399 685 2428 est
705 2392 742 2428 in
763 2392 971 2429 editionibus
984 2393 1184 2429 Homericis.
1209 2395 1431 2443 Nequaquam
1446 2396 1541 2433 enim

165 2455 167 2458 ¹
199 2459 321 2496 mirari
351 2459 454 2505 licet,
487 2461 582 2510 quod
618 2461 730 2510 priore
765 2461 837 2498 loco
867 2462 986 2507 illam,
1026 2462 1211 2511 posteriore
1243 2462 1332 2500 ha'nc
1355 2463 1541 2504 lectionem.

199 2528 416 2564 Heraclitum
438 2536 598 2565 secutum
621 2542 691 2566 esse
711 2537 876 2567 statuam.
927 2531 1068 2566 Etenim
1089 2531 1289 2568 memoriter
1308 2532 1373 2568 viri
1393 2533 1452 2569 isti
1470 2537 1538 2572 110-

160 2590 162 2592 *
197 2611 335 2634 merum
356 2597 538 2643 tenebant,
563 2611 690 2648 neque,
713 2601 741 2636 si
766 2613 835 2649 quo
854 2613 957 2638 versu
976 2606 1051 2638 erat
1073 2601 1263 2648 utendum,
1287 2604 1386 2641 anxie
1408 2605 1533 2655 anqui-

194 2668 328 2705 rebant.
378 2671 448 2703 Hoc
472 2681 550 2704 vero
574 2668 647 2705 loeo
671 2669 699 2705 si
724 2669 893 2707 dixissset:

245 2759 283 2806 a)
310 2756 350 2792 ll.
377 2761 424 2793 Γ.
452 2758 533 2793 277.
