1676 3334
727 352 1012 397 —138-

199 491 274 541 μὲν
301 491 361 540 ¹),
395 488 440 528 τὸ
480 488 749 538 Λωτοφάγων
771 487 808 537 2)
839 484 1019 540 χωρίον,
1060 481 1184 538 ξένης
1215 484 1394 538 γεωργὸν
1433 483 1543 526 ἀπο·

202 545 379 614 λαύσεως
390 595 400 614 ,
418 566 472 617 ἣν
488 562 710 611 Ὀδυσσεύς
721 563 931 617 ἐγκρατῶς
945 560 1206 616 παρέπλευσε
1218 575 1228 587 ·
1247 562 1321 605 τὸν
1339 560 1379 604 δ’
1392 564 1551 624 ᾄγριον.

203 646 380 685 ἑκάστου
414 643 577 696 θυμόν,
624 640 800 694 ὡσπερεὶ
827 643 1003 695 καυτῆρι
1023 643 1058 693 3)
1104 643 1156 695 τῇ
1185 639 1430 694 παραινέσει
1456 641 1546 684 τῶν

206 720 337 773 λόγων
383 722 578 774 ἐπήρωσε.
650 715 842 775 Κύκλωψ
891 716 929 759 δ’
957 708 1077 766 οὗτος
1113 716 1354 771 ὠνόμασται
1389 719 1414 760 o‘
1451 718 1549 767 τούς

207 796 424 852 λογισμούς
447 793 805 848 ὖποκλωπώμενος
825 796 877 846 4).
908 794 950 835 τί
975 792 1034 843 δ’,
1065 793 1157 850 οὐχὶ
1185 796 1373 849 πρῶτος.
1405 791 1547 837 εὔδιον

207 873 342 918 πλοῦν
384 872 441 915 δι’
484 874 708 926 ἐπιστήμης
738 870 994 925 ἀστρονόμον
1034 875 1335 926 τεκμηράμενος
1350 902 1363 921 ,
1405 870 1550 921 ἔδοξεν

205 950 385 1005 α’νὲμους
424 948 638 992 δεδεκέναι
669 953 704 999 5)
721 965 738 1000 ,-
772 951 1000 1002 φαρμάκων
1040 963 1084 990 τε
1121 948 1207 990 τῶν
1238 948 1551 1004 παρὰγΚίρκης

210 1028 356 1082 γέγονε
384 1027 579 1082 κρείττων
596 1056 607 1073 .
649 1026 732 1068 ὑπὸ
760 1023 920 1079 πολλῆς
959 1024 1108 1078 σοφίας
1135 1028 1332 1079 πομάτων
1357 1025 1552 1068 ἐπεισάκ-

210 1123 294 1150 των
325 1106 468 1148 κακῶν
497 1102 616 1147 λῑῐσιν
641 1105 855 1158 εὑρόμενος
872 1115 883 1126 ·
929 1106 958 1157 η’
984 1101 1030 1145 δὲ
1055 1105 1251 1158 φρόνησις
1284 1100 1361 1151 ἕως
1395 1099 1553 1145 “Αιδου

213 1182 503 1240 καταβέβηκεν
519 1211 531 1231 ,
571 1181 646 1223 ἵνα
669 1178 774 1235 μηδέ
799 1196 841 1222 τι
867 1181 954 1223 τῶν
990 1179 1144 1245 νέρθεν
1181 1178 1473 1245 ἀδιερεύνητον
1498 1175 1553 1234 ᾖ·

215 1259 278 1300 ἔτι
305 1257 350 1300 δὲ
379 1262 595 1313 Σειρήνων
620 1257 762 1299 οἷκούει
782 1288 793 1306 ,
827 1258 902 1306 τὰς
929 1254 1206 1313 πολυπείρους
1233 1255 1414 1311 ἱστορίας
1440 1271 1553 1299 παν·
1616 1287 1619 1299 v

216 1338 285 1385 τὸς
314 1338 468 1385 αἰῶνος
491 1337 692 1390 ἐκμαθών
710 1345 722 1358 ·
753 1335 824 1376 καὶ
850 1333 1073 1391 Χάρυβδις
1101 1335 1177 1389 μὲν
1203 1338 1230 1389 ἤ
1254 1332 1558 1382 πολυδάπανος

218 1413 374 1456 οἰσωτία
404 1414 474 1455 καὶ
497 1413 591 1468 περὶ
615 1415 771 1463 πότους
793 1409 1007 1466 ἄπληστος
1023 1409 1212 1463 ,εὐλόγως
1237 1409 1478 1471 ὠνόμασται
1497 1408 1558 1464 6).

266 1630 298 1675 ¹)
323 1629 362 1664 D.
386 1625 457 1676 μὲν
483 1628 563 1678 γάρ,
590 1649 637 1657 --
663 1630 702 1663 Α.
728 1626 798 1675 μέν
823 1640 862 1678 γε
889 1628 950 1665 τό.

269 1701 301 1745 ⁹)
330 1702 383 1734 lta
411 1700 448 1734 D.
471 1717 519 1724 —
547 1697 646 1733 Idem
671 1697 836 1747 Heynius.
865 1719 912 1726 -
937 1697 1064 1735 Schow.
1086 1699 1336 1749 .2.wto'q>oeyov.
1373 1689 1376 1694 ¹

236 1777 238 1779 ’
269 1769 300 1816 5)
327 1772 383 1804 lta
410 1770 447 1804 Ι).
474 1789 521 1796 -
546 1767 673 1804 Schow.
697 1770 901 1819 καυτηρίῳ.

270 1840 303 1886 4)
330 1837 570 1874 Emendandae
588 1837 750 1873 Codicum
765 1838 906 1875 lectioni
926 1838 1136 1877 ὑπολωπῶν
1150 1839 1204 1876 vel
1219 1839 1294 1876 ὑπὸ
1314 1839 1448 1876 λωπῶν
1474 1841 1563 1877 viam

225 1909 428 1944 monstravit
454 1908 575 1943 Hosius
600 1907 693 1956 apud
724 1893 888 1954 Bredow„
914 1909 937 1945 l.
966 1909 988 1946 1.
1016 1924 1048 1959 p.
1067 1913 1164 1956 254,
1191 1910 1433 1948 ὕποκλωπῶν
1460 1910 1566 1948 conii-

226 1977 356 2013 ciendo.
417 1976 483 2012 Sed
519 1977 655 2012 Graecis
691 1989 731 2013 ea
755 1976 865 2014 forma
892 1985 1058 2028 usurpata
1082 1979 1186 2016 fuisse
1211 1992 1280 2016 non
1302 1979 1453 2017 midetur.
1516 1979 1565 2017 Cf.

229 2047 371 2096 Hesych.
394 2046 416 2082 i.
443 2059 474 2082 v.
510 2045 825 2094 ὑποκλωπωμὲνη.
851 2058 906 2074 “-
937 2047 1128 2084 namsterh.
1151 2047 1194 2084 nd
1219 2048 1363 2099 Hesych.
1393 2051 1441 2086 11.
1466 2062 1499 2099 p.
1521 2050 1569 2086 46

231 2115 474 2153 ὖπιλλωπῶν.
499 2137 546 2143 --
572 2117 610 2151 V.
634 2115 795 2152 Eustath.
819 2115 863 2151 ad
888 2115 1006 2166 Odyss.
1029 2129 1060 2165 p.
1075 2119 1157 2154 346.
1183 2120 1241 2155 17.

279 2189 312 2233 ⁵)
338 2189 392 2225 lta
418 2188 457 2221 D.
483 2206 531 2213 -
556 2185 684 2222 Schow.
710 2184 933 2222 δεδωκέναι.

280 2258 312 2303 ⁶)
337 2255 529 2300 Resarcivi,
555 2261 727 2305 quantum
751 2256 874 2304 potui,
906 2255 1024 2292 locum
1049 2257 1142 2293 vario
1169 2257 1309 2294 nomine
1335 2257 1507 2294 mutilum
1532 2271 1573 2304 qe

233 2325 386 2360 lacerum
401 2351 412 2370 ‚
446 2323 603 2360 codicum
626 2337 788 2373 magnam
813 2331 946 2374 partem
970 2325 1228 2374 praestantibus
1248 2325 1454 2363 lectionibus
1475 2338 1573 2364 usus.

236 2394 302 2430 Ubi
321 2394 414 2430 enim
437 2393 528 2443 apud
546 2394 675 2431 Schoxv.
697 2397 921 2444 πεμμάτων,
950 2394 1187 2434 ἐπεισάκτων
1210 2397 1338 2432 κακῶν
1361 2396 1437 2442 οὐχ
1457 2395 1573 2444 ἡττώ·

239 2478 351 2514 μενος
369 2486 419 2494 -
440 2464 536 2513 μηδὲ
574 2466 650 2502 τῶν
674 2465 812 2516 νέρθεν
838 2487 886 2494 —-
911 2469 972 2509 τίς
1008 2466 1053 2504 δὲ
1088 2466 1283 2517 Σειρήνων
1312 2466 1385 2504 οὐκ
1417 2467 1572 2516 ἀκούει,

238 2534 288 2570 ibi
319 2533 418 2569 codd.
453 2533 535 2570 istas
560 2534 722 2571 exhibent
746 2535 907 2572 lectiones
922 2562 933 2581 ‚
965 2540 1054 2586 quas'
1076 2537 1112 2572 in
1137 2543 1273 2573 textum
1298 2538 1420 2588 recepi.
1469 2540 1576 2577 Voca-

239 2603 324 2640 bula
348 2605 408 2645 τίς
433 2603 476 2641 δὲ
493 2605 692 2654 Σειρήνων
717 2604 815 2649 κτὲ.,
853 2612 895 2640 ut
919 2605 1011 2654 apud
1035 2605 1163 2641 Schow.
1189 2605 1358 2655 leguntur
1381 2608 1431 2645 ita
1455 2621 1475 2645 a
1497 2609 1575 2646 Mei-

242 2674 357 2710 homio
379 2679 464 2709 sunt
483 2674 655 2723 disposita.
690 2675 753 2710 cni
772 2681 808 2710 et
833 2674 927 2710 hunc
944 2681 981 2715 ,et
1003 2674 1178 2724 Heynium
1203 2675 1310 2712 miror
1331 2689 1400 2714 esse
1418 2682 1578 2721 assentos.

241 2745 305 2778 Nec
318 2749 436 2779 tamen
448 2743 505 2779 ibo
520 2743 652 2779 infitias
664 2770 675 2788 ‚
690 2743 743 2779 vel
761 2744 798 2779 in
812 2743 952 2780 meliore
965 2744 1127 2780 Codicum
1143 2751 1259 2781 textus
1272 2747 1466 2784 recensione
1482 2759 1551 2784 esse
1564 2775 1575 2793 ‚

242 2813 331 2862 quod
354 2813 504 2862 graviter
516 2813 684 2859 offendat,
710 2813 738 2850 si
752 2826 832 2850 cum
848 2813 937 2850 hisce
949 2814 1135 2851 contuleris
1149 2842 1158 2860 ‚
1185 2828 1273 2865 quae
1287 2823 1369 2852 sunt
1388 2830 1417 2854 v.
1439 2829 1466 2852 c.
1483 2817 1574 2865 apud
